<?xml version="1.0" encoding="UTF-8"?>
<marc:collection xmlns:marc="http://www.loc.gov/MARC21/slim" xmlns:xsi="http://www.w3.org/2001/XMLSchema-instance" xsi:schemaLocation="http://www.loc.gov/MARC21/slim http://www.loc.gov/standards/marcxml/schema/MARC21slim.xsd">
  <marc:record>
    <marc:leader>07016 am a  005293u     </marc:leader>
    <marc:datafield tag="042" ind1=" " ind2=" ">
      <marc:subfield code="a">dc</marc:subfield>
    </marc:datafield>
    <marc:datafield tag="100" ind1="1" ind2="0">
      <marc:subfield code="a">Del Valle, Luis Andrés</marc:subfield>
      <marc:subfield code="e">author</marc:subfield>
    </marc:datafield>
    <marc:datafield tag="245" ind1="0" ind2="0">
      <marc:subfield code="a">Los imaginarios urbanos y arquitectónicos en el cine nacional : Buenos Aires : 1933-1973</marc:subfield>
    </marc:datafield>
    <marc:datafield tag="246" ind1="3" ind2="3">
      <marc:subfield code="a">Urban and architectural imaginaries in national cinema : Buenos Aires : 1933-1973</marc:subfield>
    </marc:datafield>
    <marc:datafield tag="260" ind1=" " ind2=" ">
      <marc:subfield code="b">Universidad de Buenos Aires. Facultad de Arquitectura, Diseño y Urbanismo, </marc:subfield>
      <marc:subfield code="c">2023-07-05.</marc:subfield>
    </marc:datafield>
    <marc:datafield tag="500" ind1=" " ind2=" ">
      <marc:subfield code="a">1933-1973</marc:subfield>
    </marc:datafield>
    <marc:datafield tag="500" ind1=" " ind2=" ">
      <marc:subfield code="a">http://repositoriouba.sisbi.uba.ar/gsdl/cgi-bin/library.cgi?a=d&amp;c=aaqtesis&amp;cl=CL1&amp;d=HWA_7660</marc:subfield>
    </marc:datafield>
    <marc:datafield tag="520" ind1=" " ind2=" ">
      <marc:subfield code="a">The urban and architectural imaginaries propose a look at the problems that nest in architecture, the city and culture that can be an alternative to the constructions of knowledge coined by the discipline itself. They thus function as a kind of counter-history, as an instrument to destabilize certain conventions institutionalized by certain already legitimized bodies of knowledge. They constitute a cut, a re-presentation, intentional, that enhances and fertilizes the specific knowledge of the autonomy of architecture as well as of the project.\nThis work addresses the problem of imaginaries from a theoretical-critical perspective, taking into account the affirmative meaning as well as the negative meaning or denunciation that all the works have. The possibility of questioning and dissecting what the history of architecture itself has institutionalized while giving an account of the possibilities that the imaginaries have to influence the formulations of the project, I understand this as a form of cultural production.\nThe thesis work addressed the analysis of more than one hundred films of Argentine cinema in the period from 1933 to 1973, as part of a record that would account for the deployments of Modernity in the area of the city of Buenos Aires. A vision of local Modernity through the intersections between cinema and architecture. In this regard, this work has not been developed from cinematographic knowledge or film theory and criticism, but has been proposed from architectural knowledge in a non-architectural medium about an architectural material.\nFor this, three time cuts were made that in some way marked this deployment of the Modern in the local environment -1933/1945, 1945/1955 and 1955/1973- but which nevertheless are not enough to explain or substantiate said deployment of the Modern. The temporal location does not necessarily explain the characteristics of the analyzed phenomenon. For this, it was complemented with the analysis based on five theoretical-critical categories where the architectural, the urban, the cinematographic and the socio-cultural that could have made our Modernity intersect. Such categories are: The city as a place of virtue and harmony, the dialectics between central city and periphery, the dialectics between natural landscape and artificial landscape, the city as a scene of conflict, and the city as a place of mystery, threat, crime and death.</marc:subfield>
    </marc:datafield>
    <marc:datafield tag="520" ind1=" " ind2=" ">
      <marc:subfield code="a">Fil: Del Valle, Luis Andrés. Universidad de Buenos Aires. Facultad de Arquitectura, Diseño y Urbanismo. Buenos Aires, Argentina</marc:subfield>
    </marc:datafield>
    <marc:datafield tag="520" ind1=" " ind2=" ">
      <marc:subfield code="a">Los imaginarios urbanos y arquitectónicos proponen una mirada sobre las problemáticas que anidan en la arquitectura, la ciudad y la cultura que puede resultar alternativa a la de las construcciones de conocimiento acuñadas por la propia disciplina. Funcionan así como una suerte de contra-historia, que un instrumento desestabilizador de ciertas convenciones institucionalizadas por ciertos cuerpos de saber ya legitimados. Constituyen un recorte, una re-presentación, intencionalizado, que potencia y fertiliza los conocimientos específicos de la autonomía de la arquitectura como así también del proyecto.\nEste trabajo aborda la problemática de los imaginarios desde una perspectiva teórico-crítica, dando cuenta del sentido afirmativo a la vez que del sentido negativo o de denuncia que poseen todas las obras. La posibilidad de interpelar y diseccionar aquello que la propia historia de la arquitectura ha institucionalizado a la vez que el dar cuenta de las posibilidades que tienen los imaginarios de incidir en las formulaciones del proyecto entiendo a éste como una forma de producción cultural.\nEl trabajo de tesis abordó el análisis de más de cien películas del cine argentino en el período de 1933 a 1973, como parte de un registro que diera cuenta de los despliegues de la Modernidad en el ámbito de la ciudad de Buenos Aires. Una visión de la Modernidad local a través de los entrecruzamientos entre el cine y la arquitectura. Al respecto, este trabajo no se ha elaborado desde el conocimiento cinematográfico o la teoría y crítica del cine, sino que se ha propuesto desde el conocimiento arquitectónico en un medio no arquitectónico acerca de un material arquitectónico.\nPara ello se efectuaron tres cortes temporales que de alguna manera signaron ese despliegue de lo Moderno en el medio local - 1933/1945, 1945/1955 y 1955/1973 - pero que no obstante no alcanzan para explicar o fundamentar dicho despliegue de lo Moderno. La ubicación temporal no explica necesariamente las características del fenómeno analizado. Para ello se lo complementó con el análisis a partir de cinco categorías teórico-críticas en donde se entrecruzan lo arquitectónico, lo urbano, lo cinematográfico y lo socio-cultural que pudo haber hecho a nuestra Modernidad. Tales categorías son: La ciudad como lugar de la virtud y la armonía, las dialécticas entre ciudad central y periferia, las dialécticas entre paisaje natural y paisaje artificial, la ciudad como escenario del conflicto, y la ciudad como lugar del misterio, la amenaza, el crimen y la muerte.</marc:subfield>
    </marc:datafield>
    <marc:datafield tag="520" ind1=" " ind2=" ">
      <marc:subfield code="a">Doctor de la Universidad de Buenos Aires, Área Arquitectura</marc:subfield>
    </marc:datafield>
    <marc:datafield tag="540" ind1=" " ind2=" ">
      <marc:subfield code="a">info:eu-repo/semantics/openAccess</marc:subfield>
    </marc:datafield>
    <marc:datafield tag="540" ind1=" " ind2=" ">
      <marc:subfield code="a">https://creativecommons.org/licenses/by-nc-nd/2.5/ar/</marc:subfield>
    </marc:datafield>
    <marc:datafield tag="546" ind1=" " ind2=" ">
      <marc:subfield code="a">spa</marc:subfield>
    </marc:datafield>
    <marc:datafield tag="690" ind1=" " ind2=" ">
      <marc:subfield code="a">Arquitectura</marc:subfield>
    </marc:datafield>
    <marc:datafield tag="690" ind1=" " ind2=" ">
      <marc:subfield code="a">Ciudad</marc:subfield>
    </marc:datafield>
    <marc:datafield tag="690" ind1=" " ind2=" ">
      <marc:subfield code="a">Imaginarios</marc:subfield>
    </marc:datafield>
    <marc:datafield tag="690" ind1=" " ind2=" ">
      <marc:subfield code="a">Cine</marc:subfield>
    </marc:datafield>
    <marc:datafield tag="690" ind1=" " ind2=" ">
      <marc:subfield code="a">Cultura</marc:subfield>
    </marc:datafield>
    <marc:datafield tag="690" ind1=" " ind2=" ">
      <marc:subfield code="a">Architecture</marc:subfield>
    </marc:datafield>
    <marc:datafield tag="690" ind1=" " ind2=" ">
      <marc:subfield code="a">City</marc:subfield>
    </marc:datafield>
    <marc:datafield tag="690" ind1=" " ind2=" ">
      <marc:subfield code="a">Imaginaries</marc:subfield>
    </marc:datafield>
    <marc:datafield tag="690" ind1=" " ind2=" ">
      <marc:subfield code="a">Cinema</marc:subfield>
    </marc:datafield>
    <marc:datafield tag="690" ind1=" " ind2=" ">
      <marc:subfield code="a">Culture</marc:subfield>
    </marc:datafield>
    <marc:datafield tag="690" ind1=" " ind2=" ">
      <marc:subfield code="a">Ciudades</marc:subfield>
    </marc:datafield>
    <marc:datafield tag="690" ind1=" " ind2=" ">
      <marc:subfield code="a">Crítica</marc:subfield>
    </marc:datafield>
    <marc:datafield tag="690" ind1=" " ind2=" ">
      <marc:subfield code="a">Historia</marc:subfield>
    </marc:datafield>
    <marc:datafield tag="690" ind1=" " ind2=" ">
      <marc:subfield code="a">Investigación</marc:subfield>
    </marc:datafield>
    <marc:datafield tag="690" ind1=" " ind2=" ">
      <marc:subfield code="a">Movimiento moderno</marc:subfield>
    </marc:datafield>
    <marc:datafield tag="690" ind1=" " ind2=" ">
      <marc:subfield code="a">Teoría</marc:subfield>
    </marc:datafield>
    <marc:datafield tag="690" ind1=" " ind2=" ">
      <marc:subfield code="a">Arquitectura</marc:subfield>
    </marc:datafield>
    <marc:datafield tag="691" ind1=" " ind2=" ">
      <marc:subfield code="a">Argentina</marc:subfield>
    </marc:datafield>
    <marc:datafield tag="691" ind1=" " ind2=" ">
      <marc:subfield code="a">Buenos Aires, Ciudad</marc:subfield>
    </marc:datafield>
    <marc:datafield tag="655" ind1="7" ind2=" ">
      <marc:subfield code="a">info:eu-repo/semantics/doctoralThesis</marc:subfield>
      <marc:subfield code="2">local</marc:subfield>
    </marc:datafield>
    <marc:datafield tag="655" ind1="7" ind2=" ">
      <marc:subfield code="a">info:ar-repo/semantics/tesis doctoral</marc:subfield>
      <marc:subfield code="2">local</marc:subfield>
    </marc:datafield>
    <marc:datafield tag="655" ind1="7" ind2=" ">
      <marc:subfield code="a">info:eu-repo/semantics/acceptedVersion</marc:subfield>
      <marc:subfield code="2">local</marc:subfield>
    </marc:datafield>
    <marc:datafield tag="100" ind1="1" ind2="0">
      <marc:subfield code="a">Sánchez, Sandra Inés</marc:subfield>
      <marc:subfield code="e">contributor</marc:subfield>
    </marc:datafield>
    <marc:datafield tag="100" ind1="1" ind2="0">
      <marc:subfield code="a">Fernández, Roberto</marc:subfield>
      <marc:subfield code="e">contributor</marc:subfield>
    </marc:datafield>
    <marc:datafield tag="100" ind1="1" ind2="0">
      <marc:subfield code="a">Negro, Marcela</marc:subfield>
      <marc:subfield code="e">contributor</marc:subfield>
    </marc:datafield>
    <marc:datafield tag="100" ind1="1" ind2="0">
      <marc:subfield code="a">Gutman, Margarita</marc:subfield>
      <marc:subfield code="e">contributor</marc:subfield>
    </marc:datafield>
    <marc:datafield tag="100" ind1="1" ind2="0">
      <marc:subfield code="a">Cravino, Ana</marc:subfield>
      <marc:subfield code="e">contributor</marc:subfield>
    </marc:datafield>
    <marc:datafield tag="856" ind1="4" ind2="1">
      <marc:subfield code="u">https://repositoriouba.sisbi.uba.ar/gsdl/collect/aaqtesis/index/assoc/HWA_7660.dir/7660.PDF</marc:subfield>
      <marc:subfield code="z">Connect to this object online.</marc:subfield>
    </marc:datafield>
  </marc:record>