
  <marc:record>
    <marc:leader>07203 am a  005053u     </marc:leader>
    <marc:datafield tag="042" ind1=" " ind2=" ">
      <marc:subfield code="a">dc</marc:subfield>
    </marc:datafield>
    <marc:datafield tag="100" ind1="1" ind2="0">
      <marc:subfield code="a">Caicedo Medina, Julián Alberto</marc:subfield>
      <marc:subfield code="e">author</marc:subfield>
    </marc:datafield>
    <marc:datafield tag="245" ind1="0" ind2="0">
      <marc:subfield code="a">Subsidios, vivienda digna y hábitat: percepciones de los residentes, beneficiarios de subsidios habitacionales, sobre la materialización del derecho a la vivienda digna en el Macroproyecto de Interés Social Nacional Ciudad Verde, Soacha, Colombia, (2009-2015)</marc:subfield>
    </marc:datafield>
    <marc:datafield tag="246" ind1="3" ind2="3">
      <marc:subfield code="a">Subsidies, decent housing and habitat : perceptions of residents, beneficiaries of housing subsidies, on the materialization of the right to decent housing in the Macroproyecto de Interés Social Nacional Ciudad Verde, Soacha, Colombia, (2009-2015)</marc:subfield>
    </marc:datafield>
    <marc:datafield tag="260" ind1=" " ind2=" ">
      <marc:subfield code="b">Universidad de Buenos Aires. Facultad de Arquitectura, Diseño y Urbanismo, </marc:subfield>
      <marc:subfield code="c">2022-04-28.</marc:subfield>
    </marc:datafield>
    <marc:datafield tag="500" ind1=" " ind2=" ">
      <marc:subfield code="a">2009-2015</marc:subfield>
    </marc:datafield>
    <marc:datafield tag="500" ind1=" " ind2=" ">
      <marc:subfield code="a">http://repositoriouba.sisbi.uba.ar/gsdl/cgi-bin/library.cgi?a=d&amp;c=aaqtesis&amp;cl=CL1&amp;d=HWA_7582</marc:subfield>
    </marc:datafield>
    <marc:datafield tag="520" ind1=" " ind2=" ">
      <marc:subfield code="a">The perception of the residents, attended through subsidies in the housing policy, on the attributes of the right to decent housing are an indicator of their inhabiting situation, recognizing the latter the particularities that are determined by the life trajectory, socio- economic status, experiences in their dwellings inhabiting, values and cultural traditions, amongst others; and a mechanism for the assessment of the Project and the housing policy when analyzing the conditions of the materialization of the attributes of the right to decent housing in the case of the Macroprojecto de Interés Social Nacional (MISN) Ciudad Verde, in the municipality of Soacha, department of Cundinamarca, Colombia. This characterization of the living or inhabiting situation of the residents allows us to establish the differences that appear between groups of residents who are beneficiaries of family housing subsidies -SFV- and the ones who are beneficiaries of in-kind family housing subsidies -SFVE- with dissimilar accommodations origins in an urban housing megaproject, with similar socio-spatial conditions, in terms to the characteristics and urban services that are offered by the urban enviroment to their dwellings. \nIn this research, the proposed methodological approach considers the resident population in the MISN Ciudad Verde as a unit of observation and adopting as a unit of analysis the attributes of the right to decent housing from the perceptions of residents, resulting from the understanding, adaptation, and appropriation of the situation of inhabiting from the interpretation of the attributes of the right to decent housing in reference to the right to the city. The perceptions of residents who are beneficiaries of family subsidies differ and express the particularities of the living situation referred to the components and attributes of the right to decent housing. Among the determinants that define the perception of the living situation are the housing trajectory, daily housing experience, gender, age, as well as their sociocultural and economic status. The differences between the interviewed groups present greater differences in the private sphere (building and economic components) and present greater coincidences in the public sphere (urban environment and socio-cultural component).</marc:subfield>
    </marc:datafield>
    <marc:datafield tag="520" ind1=" " ind2=" ">
      <marc:subfield code="a">Fil: Caicedo Medina, Julián Alberto. Universidad de Buenos Aires. Facultad de Arquitectura, Diseño y Urbanismo. Buenos Aires, Argentina</marc:subfield>
    </marc:datafield>
    <marc:datafield tag="520" ind1=" " ind2=" ">
      <marc:subfield code="a">La percepción de los residentes, beneficiarios de través de subsidios habitacionales, sobre los atributos del derecho a la vivienda digna son un indicador de su situación de habitar, permiten reconocer sobre ésta ultima las particularidades que están determinadas por su trayectoria de vida, estatus socio económico, experiencia de habitar, los valores y tradiciones culturales, entre otros; y constituyen un mecanismo para la evaluación del proyecto y la política habitacional al analizar las condiciones de la materialización de los componentes y atributos del derecho a la vivienda digna ofrecido en el Macroproyecto de Interés Social Nacional (MISN) Ciudad Verde, en el municipio de Soacha, departamento de Cundinamarca, Colombia. Esta caracterización de la situación habitar de los residentes permite establecer las diferencias y coincidencias que se presentan entre grupos de residentes beneficiarios de los subsidios familiares de vivienda -SFV- y los beneficiarios de los subsidios familiares de vivienda en especie -SFVE- con orígenes de alojamiento disímiles en un macroproyecto habitacional urbano, con condiciones socioespaciales similares, en cuanto a las propiedades y los servicios urbanos que ofrece el entorno urbano a sus viviendas.\nEn esta investigación, el abordaje metodológico propuesto considera como unidad de observación la población residente en el MISN Ciudad Verde y adoptando como unidad de análisis los componentes del derecho a la vivienda digna desde las percepciones de los residentes, resultantes de la comprensión, adaptación y apropiación del espacio físico y social de la vivienda y su entorno, y la situación de habitar desde la interpretación del derecho a la vivienda digna en referencia al derecho a la ciudad. Las percepciones de los residentes beneficiarios de los subsidios familiares difieren y expresan las particularidades de la situación de habitar referidas a los componentes y atributos del derecho a la vivienda digna. Entre las determinantes que definen la percepción sobre la situación de habitar se reconocen la trayectoria habitacional, experiencia habitacional cotidiana, género, edad; así como su estatus sociocultural y económico. Las diferencias entre los grupos entrevistados presentan mayores diferencias en el ámbito privado (componentes edificación y económico) y presentan mayores coincidencias en el ámbito público (componente entorno urbano y sociocultural).</marc:subfield>
    </marc:datafield>
    <marc:datafield tag="520" ind1=" " ind2=" ">
      <marc:subfield code="a">Doctor de la Universidad de Buenos Aires, Área Urbanismo</marc:subfield>
    </marc:datafield>
    <marc:datafield tag="540" ind1=" " ind2=" ">
      <marc:subfield code="a">info:eu-repo/semantics/openAccess</marc:subfield>
    </marc:datafield>
    <marc:datafield tag="540" ind1=" " ind2=" ">
      <marc:subfield code="a">https://creativecommons.org/licenses/by-nc-nd/2.5/ar/</marc:subfield>
    </marc:datafield>
    <marc:datafield tag="546" ind1=" " ind2=" ">
      <marc:subfield code="a">spa</marc:subfield>
    </marc:datafield>
    <marc:datafield tag="690" ind1=" " ind2=" ">
      <marc:subfield code="a">Derecho a la ciudad</marc:subfield>
    </marc:datafield>
    <marc:datafield tag="690" ind1=" " ind2=" ">
      <marc:subfield code="a">Derecho a la vivienda digna</marc:subfield>
    </marc:datafield>
    <marc:datafield tag="690" ind1=" " ind2=" ">
      <marc:subfield code="a">Subsidios</marc:subfield>
    </marc:datafield>
    <marc:datafield tag="690" ind1=" " ind2=" ">
      <marc:subfield code="a">Política de vivienda</marc:subfield>
    </marc:datafield>
    <marc:datafield tag="690" ind1=" " ind2=" ">
      <marc:subfield code="a">Colombia</marc:subfield>
    </marc:datafield>
    <marc:datafield tag="690" ind1=" " ind2=" ">
      <marc:subfield code="a">Right to the city</marc:subfield>
    </marc:datafield>
    <marc:datafield tag="690" ind1=" " ind2=" ">
      <marc:subfield code="a">Right to decent housing</marc:subfield>
    </marc:datafield>
    <marc:datafield tag="690" ind1=" " ind2=" ">
      <marc:subfield code="a">Subsidies</marc:subfield>
    </marc:datafield>
    <marc:datafield tag="690" ind1=" " ind2=" ">
      <marc:subfield code="a">Housing policy</marc:subfield>
    </marc:datafield>
    <marc:datafield tag="690" ind1=" " ind2=" ">
      <marc:subfield code="a">Colombia</marc:subfield>
    </marc:datafield>
    <marc:datafield tag="690" ind1=" " ind2=" ">
      <marc:subfield code="a">Hábitat</marc:subfield>
    </marc:datafield>
    <marc:datafield tag="690" ind1=" " ind2=" ">
      <marc:subfield code="a">Investigación</marc:subfield>
    </marc:datafield>
    <marc:datafield tag="690" ind1=" " ind2=" ">
      <marc:subfield code="a">Política habitacional</marc:subfield>
    </marc:datafield>
    <marc:datafield tag="690" ind1=" " ind2=" ">
      <marc:subfield code="a">Vivienda</marc:subfield>
    </marc:datafield>
    <marc:datafield tag="690" ind1=" " ind2=" ">
      <marc:subfield code="a">Viviendas de interés social</marc:subfield>
    </marc:datafield>
    <marc:datafield tag="690" ind1=" " ind2=" ">
      <marc:subfield code="a">Urbanismo</marc:subfield>
    </marc:datafield>
    <marc:datafield tag="691" ind1=" " ind2=" ">
      <marc:subfield code="a">Soacha</marc:subfield>
    </marc:datafield>
    <marc:datafield tag="655" ind1="7" ind2=" ">
      <marc:subfield code="a">info:eu-repo/semantics/doctoralThesis</marc:subfield>
      <marc:subfield code="2">local</marc:subfield>
    </marc:datafield>
    <marc:datafield tag="655" ind1="7" ind2=" ">
      <marc:subfield code="a">info:ar-repo/semantics/tesis doctoral</marc:subfield>
      <marc:subfield code="2">local</marc:subfield>
    </marc:datafield>
    <marc:datafield tag="655" ind1="7" ind2=" ">
      <marc:subfield code="a">info:eu-repo/semantics/acceptedVersion</marc:subfield>
      <marc:subfield code="2">local</marc:subfield>
    </marc:datafield>
    <marc:datafield tag="100" ind1="1" ind2="0">
      <marc:subfield code="a">Hernández García, Jaime</marc:subfield>
      <marc:subfield code="e">contributor</marc:subfield>
    </marc:datafield>
    <marc:datafield tag="100" ind1="1" ind2="0">
      <marc:subfield code="a">Di Virgilio, María Mercedes</marc:subfield>
      <marc:subfield code="e">contributor</marc:subfield>
    </marc:datafield>
    <marc:datafield tag="100" ind1="1" ind2="0">
      <marc:subfield code="a">Alayón González, José Javier</marc:subfield>
      <marc:subfield code="e">contributor</marc:subfield>
    </marc:datafield>
    <marc:datafield tag="100" ind1="1" ind2="0">
      <marc:subfield code="a">Sanmiguel, Damián</marc:subfield>
      <marc:subfield code="e">contributor</marc:subfield>
    </marc:datafield>
    <marc:datafield tag="100" ind1="1" ind2="0">
      <marc:subfield code="a">Devalle, Verónica</marc:subfield>
      <marc:subfield code="e">contributor</marc:subfield>
    </marc:datafield>
    <marc:datafield tag="856" ind1="4" ind2="1">
      <marc:subfield code="u">https://repositoriouba.sisbi.uba.ar/gsdl/collect/aaqtesis/index/assoc/HWA_7582.dir/7582.PDF</marc:subfield>
      <marc:subfield code="z">Connect to this object online.</marc:subfield>
    </marc:datafield>
  </marc:record>