
  <marc:record>
    <marc:leader>08919 am a  006013u     </marc:leader>
    <marc:datafield tag="042" ind1=" " ind2=" ">
      <marc:subfield code="a">dc</marc:subfield>
    </marc:datafield>
    <marc:datafield tag="100" ind1="1" ind2="0">
      <marc:subfield code="a">Viccina Linares, Humberto Alfredo</marc:subfield>
      <marc:subfield code="e">author</marc:subfield>
    </marc:datafield>
    <marc:datafield tag="245" ind1="0" ind2="0">
      <marc:subfield code="a">El espacio intermedio de la arquitectura sociocultural en la ciudad latinoamericana : estudio comparativo de dos parques biblioteca de Medellín</marc:subfield>
    </marc:datafield>
    <marc:datafield tag="246" ind1="3" ind2="3">
      <marc:subfield code="a">Sociocultural architecture in the latin american city : a comparative study of two Medellin library parks</marc:subfield>
    </marc:datafield>
    <marc:datafield tag="260" ind1=" " ind2=" ">
      <marc:subfield code="b">Universidad de Buenos Aires. Facultad de Arquitectura, Diseño y Urbanismo, </marc:subfield>
      <marc:subfield code="c">2024-04-24.</marc:subfield>
    </marc:datafield>
    <marc:datafield tag="500" ind1=" " ind2=" ">
      <marc:subfield code="a">http://repositoriouba.sisbi.uba.ar/gsdl/cgi-bin/library.cgi?a=d&amp;c=aaqtesis&amp;cl=CL1&amp;d=HWA_7576</marc:subfield>
    </marc:datafield>
    <marc:datafield tag="520" ind1=" " ind2=" ">
      <marc:subfield code="a">This doctoral thesis deals with the in-betweeen space and its characteristics in the field of sociocultural architecture in the contemporary Latin American city. Regarding the concept of in-between space in architecture, which discreetly begins in texts from the mid-20th century written by members of Team X such as Aldo Van Eyck and the Smithsons, it is discovered that the subject has been theoretically little developed afterwards and, in for the most part, some brief studies deal with that only with reference to housing and its relation to outdoors space. However, we have commented as remarkable the texts that Hertzberger, Kapstein, Di Domenico, Begnini, Vidal, Shahlaei and Mohajeri write in this regard; as well as the graduate theses of Suárez and Castro.\nComplementing this inquiry, and since our work is framed in the contemporary Latin American city, we review the writings of Tardin, França, Andreatta or Torres as well as the critical reviews provided by the texts of Bähr and Borsdorf or Janoschka to understand the current Latin American city; a reality with common characteristics configured by fragmentary and disconnected urban areas, even formal or legal, along with other articulated and flourishing ones. All these theoretical texts that we take as reference define a space-time context for research, which allows us to analyze the in-betweeen space in a set of contemporary Latin American sociocultural projects, and then study some specific cases in the city of Medellín.\nTaking as a reference two great Latin American sociocultural projects of the mid-century, a selection of referential projects in their relationship with the urban context and the characteristics of their in-between spaces is then analyzed. We will discover that some are "good neighbors", others repower abandoned public spaces or parks and a third group are constituted as oases on the outskirts of cities. This gives rise to venturing into Medellín and further analyzing a typology of sociocultural architecture defined there, the Library Parks. It is a program in which he manages to execute nine architectural projects between 2004 and 2015, of which we selected two of them as worthy of a more in-depth comparative analysis. For that, the typological classification of Vidal is taken and the physiological and psychological requirements of Shahlaei and Mohajeri are used to judge the environment of social interaction that is possible thanks to their in-between spaces.\nThus, it is evidenced through the case study that the in-between space is essential to configure a quality urban architecture, since in itself it has its own entity. It is as important as the exterior and interior spaces and also notable for its integrating qualities. It must therefore be a protagonist in the spatial conception of sociocultural architecture as well as be embedded in the integral architectural project as a true link between the exterior and the interior, the public and the private, the urban and the architectural. The in-between space adequately considered in sociocultural architecture, and also in other urban typologies, makes possible both an architecture and a quality city.</marc:subfield>
    </marc:datafield>
    <marc:datafield tag="520" ind1=" " ind2=" ">
      <marc:subfield code="a">Fil: Viccina Linares, Humberto Alfredo. Universidad de Buenos Aires. Facultad de Arquitectura, Diseño y Urbanismo. Buenos Aires, Argentina</marc:subfield>
    </marc:datafield>
    <marc:datafield tag="520" ind1=" " ind2=" ">
      <marc:subfield code="a">Esta tesis doctoral trata del espacio intermedio y sus características en el ámbito de la arquitectura sociocultural en la ciudad latinoamericana contemporánea. Sobre el concepto de espacio intermedio en arquitectura, que de manera discreta se incoa en textos de mediados del siglo XX escritos por miembros del Team X como Aldo Van Eyck y los Smithson, se descubre que el tema ha sido después poco desarrollado teóricamente y, en su mayor parte, algunos escuetos estudios tratan sobre él solo con referencia a la vivienda y su relación con el espacio exterior. Sin embargo, hemos comentado como destacables los textos que al respecto escriben Hertzberger, Kapstein, Di Domenico, Begnini, Vidal, Shahlaei y Mohajeri; así como las tesis de posgrado de Suárez y Castro.\nComplementando esa indagación, y ya que nuestro trabajo se enmarca en la ciudad latinoamericana contemporánea, revisamos los escritos de Tardin, França, Andreatta o Torres así como las visiones críticas que brindan los textos de Bähr y Borsdorf o Janoschka para entender la ciudad latinoamericana actual; una realidad de características comunes configuradas por zonas urbanas fragmentarias e inconexas, incluso formales o legales, junto a otras articuladas y florecientes. Todos estos textos teóricos que tomamos de referencia nos definen un contexto espacio temporal para la investigación, el cual nos permite analizar el espacio intermedio en un conjunto de proyectos socioculturales contemporáneos latinoamericanos, para luego estudiar unos casos concretos en la ciudad de Medellín.\nTomando como referencia dos grandes proyectos socioculturales latinoamericanos de mediados de siglo, se analiza luego una selección de proyectos referenciales en su relación con el contexto urbano y las características de sus espacios intermedios. Descubriremos que algunos son "buenos vecinos", otros repotencian espacios públicos o parques en abandono y un tercer grupo se constituyen como oasis en las periferias de las ciudades. Esto da pie a incursionar en Medellín y analizar más a fondo una tipología de arquitectura sociocultural ahí definida, los Parques biblioteca. Es un programa en el que llega a ejecutar nueve proyectos arquitectónicos entre los años 2004 y 2015, de los cuales seleccionamos dos de ellos como dignos de un análisis comparativo más profundo. Para eso se toma la clasificación tipológica de Vidal y se utilizan los requerimientos fisiológicos y psicológicos de Shahlaei y Mohajeri para juzgar el entorno de interacción social que es posible gracias a sus espacios intermedios.\nAsí, se evidencia a través del estudio de casos que es fundamental el espacio intermedio para configurar una arquitectura urbana de calidad, ya que en sí mismo posee una propia entidad. Es tan importante como los espacios exteriores e interiores y notable además por sus cualidades integradoras. Debe por tanto ser protagónico en la concepción espacial de la arquitectura sociocultural así como estar embutido en el proyecto integral de arquitectura como verdadero vínculo entre lo exterior y lo interior, lo público y lo privado, lo urbano y lo arquitectónico. El espacio intermedio adecuadamente considerado en la arquitectura sociocultural, y también en otras tipologías urbanas, hace posible tanto una arquitectura como una ciudad de calidad.</marc:subfield>
    </marc:datafield>
    <marc:datafield tag="520" ind1=" " ind2=" ">
      <marc:subfield code="a">Doctor de la Universidad de Buenos Aires, Área Arquitectura</marc:subfield>
    </marc:datafield>
    <marc:datafield tag="540" ind1=" " ind2=" ">
      <marc:subfield code="a">info:eu-repo/semantics/openAccess</marc:subfield>
    </marc:datafield>
    <marc:datafield tag="540" ind1=" " ind2=" ">
      <marc:subfield code="a">https://creativecommons.org/licenses/by-nc-nd/2.5/ar/</marc:subfield>
    </marc:datafield>
    <marc:datafield tag="546" ind1=" " ind2=" ">
      <marc:subfield code="a">spa</marc:subfield>
    </marc:datafield>
    <marc:datafield tag="690" ind1=" " ind2=" ">
      <marc:subfield code="a">Espacio intermedio</marc:subfield>
    </marc:datafield>
    <marc:datafield tag="690" ind1=" " ind2=" ">
      <marc:subfield code="a">Arquitectura sociocultural</marc:subfield>
    </marc:datafield>
    <marc:datafield tag="690" ind1=" " ind2=" ">
      <marc:subfield code="a">Arquitectura latinoamericana</marc:subfield>
    </marc:datafield>
    <marc:datafield tag="690" ind1=" " ind2=" ">
      <marc:subfield code="a">Parques biblioteca</marc:subfield>
    </marc:datafield>
    <marc:datafield tag="690" ind1=" " ind2=" ">
      <marc:subfield code="a">Medellín</marc:subfield>
    </marc:datafield>
    <marc:datafield tag="690" ind1=" " ind2=" ">
      <marc:subfield code="a">Space in-between</marc:subfield>
    </marc:datafield>
    <marc:datafield tag="690" ind1=" " ind2=" ">
      <marc:subfield code="a">Sociocultural architecture</marc:subfield>
    </marc:datafield>
    <marc:datafield tag="690" ind1=" " ind2=" ">
      <marc:subfield code="a">Latin american architecture</marc:subfield>
    </marc:datafield>
    <marc:datafield tag="690" ind1=" " ind2=" ">
      <marc:subfield code="a">Library parks</marc:subfield>
    </marc:datafield>
    <marc:datafield tag="690" ind1=" " ind2=" ">
      <marc:subfield code="a">Medellin</marc:subfield>
    </marc:datafield>
    <marc:datafield tag="690" ind1=" " ind2=" ">
      <marc:subfield code="a">Bibliotecas</marc:subfield>
    </marc:datafield>
    <marc:datafield tag="690" ind1=" " ind2=" ">
      <marc:subfield code="a">Calidad de vida</marc:subfield>
    </marc:datafield>
    <marc:datafield tag="690" ind1=" " ind2=" ">
      <marc:subfield code="a">Ciudades</marc:subfield>
    </marc:datafield>
    <marc:datafield tag="690" ind1=" " ind2=" ">
      <marc:subfield code="a">Diseño</marc:subfield>
    </marc:datafield>
    <marc:datafield tag="690" ind1=" " ind2=" ">
      <marc:subfield code="a">Espacio</marc:subfield>
    </marc:datafield>
    <marc:datafield tag="690" ind1=" " ind2=" ">
      <marc:subfield code="a">Espacio público</marc:subfield>
    </marc:datafield>
    <marc:datafield tag="690" ind1=" " ind2=" ">
      <marc:subfield code="a">Espacio urbano</marc:subfield>
    </marc:datafield>
    <marc:datafield tag="690" ind1=" " ind2=" ">
      <marc:subfield code="a">Hábitat</marc:subfield>
    </marc:datafield>
    <marc:datafield tag="690" ind1=" " ind2=" ">
      <marc:subfield code="a">Investigación</marc:subfield>
    </marc:datafield>
    <marc:datafield tag="690" ind1=" " ind2=" ">
      <marc:subfield code="a">Parques</marc:subfield>
    </marc:datafield>
    <marc:datafield tag="690" ind1=" " ind2=" ">
      <marc:subfield code="a">Teoría</marc:subfield>
    </marc:datafield>
    <marc:datafield tag="690" ind1=" " ind2=" ">
      <marc:subfield code="a">Tipologías</marc:subfield>
    </marc:datafield>
    <marc:datafield tag="690" ind1=" " ind2=" ">
      <marc:subfield code="a">Urbanismo</marc:subfield>
    </marc:datafield>
    <marc:datafield tag="690" ind1=" " ind2=" ">
      <marc:subfield code="a">Arquitectura</marc:subfield>
    </marc:datafield>
    <marc:datafield tag="691" ind1=" " ind2=" ">
      <marc:subfield code="a">América Latina</marc:subfield>
    </marc:datafield>
    <marc:datafield tag="691" ind1=" " ind2=" ">
      <marc:subfield code="a">Colombia</marc:subfield>
    </marc:datafield>
    <marc:datafield tag="655" ind1="7" ind2=" ">
      <marc:subfield code="a">info:eu-repo/semantics/doctoralThesis</marc:subfield>
      <marc:subfield code="2">local</marc:subfield>
    </marc:datafield>
    <marc:datafield tag="655" ind1="7" ind2=" ">
      <marc:subfield code="a">info:ar-repo/semantics/tesis doctoral</marc:subfield>
      <marc:subfield code="2">local</marc:subfield>
    </marc:datafield>
    <marc:datafield tag="655" ind1="7" ind2=" ">
      <marc:subfield code="a">info:eu-repo/semantics/acceptedVersion</marc:subfield>
      <marc:subfield code="2">local</marc:subfield>
    </marc:datafield>
    <marc:datafield tag="100" ind1="1" ind2="0">
      <marc:subfield code="a">Mele, Jorge</marc:subfield>
      <marc:subfield code="e">contributor</marc:subfield>
    </marc:datafield>
    <marc:datafield tag="100" ind1="1" ind2="0">
      <marc:subfield code="a">González Escobar, Luis Fernando</marc:subfield>
      <marc:subfield code="e">contributor</marc:subfield>
    </marc:datafield>
    <marc:datafield tag="100" ind1="1" ind2="0">
      <marc:subfield code="a">Rigotti, Ana María</marc:subfield>
      <marc:subfield code="e">contributor</marc:subfield>
    </marc:datafield>
    <marc:datafield tag="100" ind1="1" ind2="0">
      <marc:subfield code="a">Diez, Fernando</marc:subfield>
      <marc:subfield code="e">contributor</marc:subfield>
    </marc:datafield>
    <marc:datafield tag="100" ind1="1" ind2="0">
      <marc:subfield code="a">Maestripieri, Eduardo</marc:subfield>
      <marc:subfield code="e">contributor</marc:subfield>
    </marc:datafield>
    <marc:datafield tag="856" ind1="4" ind2="1">
      <marc:subfield code="u">https://repositoriouba.sisbi.uba.ar/gsdl/collect/aaqtesis/index/assoc/HWA_7576.dir/7576.PDF</marc:subfield>
      <marc:subfield code="z">Connect to this object online.</marc:subfield>
    </marc:datafield>
  </marc:record>