
  <marc:record>
    <marc:leader>05832 am a  005533u     </marc:leader>
    <marc:datafield tag="042" ind1=" " ind2=" ">
      <marc:subfield code="a">dc</marc:subfield>
    </marc:datafield>
    <marc:datafield tag="100" ind1="1" ind2="0">
      <marc:subfield code="a">Miglioli, Viviana</marc:subfield>
      <marc:subfield code="e">author</marc:subfield>
    </marc:datafield>
    <marc:datafield tag="245" ind1="0" ind2="0">
      <marc:subfield code="a">El taller : supervivencias y anacronismos</marc:subfield>
    </marc:datafield>
    <marc:datafield tag="246" ind1="3" ind2="3">
      <marc:subfield code="a">The design studio : survivals and anachronisms</marc:subfield>
    </marc:datafield>
    <marc:datafield tag="260" ind1=" " ind2=" ">
      <marc:subfield code="b">Universidad de Buenos Aires. Facultad de Arquitectura, Diseño y Urbanismo, </marc:subfield>
      <marc:subfield code="c">2022-07-06.</marc:subfield>
    </marc:datafield>
    <marc:datafield tag="500" ind1=" " ind2=" ">
      <marc:subfield code="a">http://repositoriouba.sisbi.uba.ar/gsdl/cgi-bin/library.cgi?a=d&amp;c=aaqtesis&amp;cl=CL1&amp;d=HWA_7559</marc:subfield>
    </marc:datafield>
    <marc:datafield tag="520" ind1=" " ind2=" ">
      <marc:subfield code="a">Today, design studios are the core of the curriculum in the different schools of architecture. In these design studios, where project is taught, in discourses, practices, ways to relate and to live spaces, of teachers and students, survivals emerge, anachronisms corresponding to configurations of other times, which can be traced from a genealogy of the history of the design studio. Such survivals occur equally in design studios with different disciplinary paradigms, regardless of their institutional, contextual, or geographical adscriptions. \nThe surviving and anachronistic is not only detected as a discursive emergency, but, as these are practices, modes of relationship and ways of living, they can also be noted in the territory of what is visible. Through the construction of a theoretical methodological system, a work was carried out on the material recovered from the fieldwork developed in three Latin American architecture teaching institutions, and a fourth European, as well as on the images taken, and the data obtained from the study of documentary and iconographic archives. That theoretical-methodological system is composed of two resources: the consideration of the design studio as a foucauldian device -as a network linking heterogeneous elements to sustain a certain configuration of power-knowledge at a certain historical moment- and the realization of a warburgian atlas of the design studio- through the operation of montage of images from the past and present of the design studio, colliding temporalities, and senses. \nThe different regularities found through this work, illuminate survivals and anachronisms that need to be addressed, since they are usually not present in studies that deal with the current conditions of architecture training, and which need to be revealed, as a starting point to open new courses in the future of design studios and disciplinary education.</marc:subfield>
    </marc:datafield>
    <marc:datafield tag="520" ind1=" " ind2=" ">
      <marc:subfield code="a">Fil: Miglioli, Viviana. Universidad de Buenos Aires. Facultad de Arquitectura, Diseño y Urbanismo. Buenos Aires, Argentina</marc:subfield>
    </marc:datafield>
    <marc:datafield tag="520" ind1=" " ind2=" ">
      <marc:subfield code="a">En los talleres donde hoy se enseña proyecto, núcleo del currículo en las distintas escuelas de arquitectura, en discursos, prácticas, vínculos, modos de vivir los espacios, de docentes y estudiantes, emergen supervivencias, anacronismos correspondientes a configuraciones de otros tiempos, que pueden rastrearse desde una genealogía de la historia del taller. Tales supervivencias se dan por igual en talleres con diferentes paradigmas disciplinares, sin importar su pertenencia institucional, contextual o geográfica. Lo superviviente y anacrónico no sólo se detecta como emergencia discursiva, sino que, en tanto se trata de prácticas, modos de relación y formas de habitar, se constata también en el territorio de lo que es visible.\n A través de la construcción de un sistema teórico metodológico, integrado por dos recursos: la consideración del taller como un dispositivo foucaultiano -en tanto red que vincula elementos heterogéneos para sostener una configuración determinada de saber-poder en un cierto momento histórico- y la realización de un atlas warburgiano del taller -mediante una operación de montaje de imágenes del pasado y del presente del taller, poniendo en colisión temporalidades y sentidos-se trabajó sobre el material recuperado en el trabajo de campo realizado en tres instituciones de enseñanza de arquitectura latinoamericanas y una cuarta europea, como también sobre las imágenes tomadas y los datos obtenidos del estudio de archivos documentales e iconográficos. \nLas distintas regularidades encontradas a través de ese trabajo, alumbran supervivencias y anacronismos a los que es necesario atender, ya que habitualmente no se hacen presentes en los estudios que se ocupan de las condiciones actuales de la formación, y que es necesario develar, como punto de partida para abrir nuevos rumbos en el devenir de los talleres y de la enseñanza disciplinar.</marc:subfield>
    </marc:datafield>
    <marc:datafield tag="520" ind1=" " ind2=" ">
      <marc:subfield code="a">Doctora de la Universidad de Buenos Aires, Área Arquitectura</marc:subfield>
    </marc:datafield>
    <marc:datafield tag="540" ind1=" " ind2=" ">
      <marc:subfield code="a">info:eu-repo/semantics/openAccess</marc:subfield>
    </marc:datafield>
    <marc:datafield tag="540" ind1=" " ind2=" ">
      <marc:subfield code="a">https://creativecommons.org/licenses/by-nc-nd/2.5/ar/</marc:subfield>
    </marc:datafield>
    <marc:datafield tag="546" ind1=" " ind2=" ">
      <marc:subfield code="a">spa</marc:subfield>
    </marc:datafield>
    <marc:datafield tag="690" ind1=" " ind2=" ">
      <marc:subfield code="a">Taller</marc:subfield>
    </marc:datafield>
    <marc:datafield tag="690" ind1=" " ind2=" ">
      <marc:subfield code="a">Supervivencias</marc:subfield>
    </marc:datafield>
    <marc:datafield tag="690" ind1=" " ind2=" ">
      <marc:subfield code="a">Anacronismos</marc:subfield>
    </marc:datafield>
    <marc:datafield tag="690" ind1=" " ind2=" ">
      <marc:subfield code="a">Dispositivo</marc:subfield>
    </marc:datafield>
    <marc:datafield tag="690" ind1=" " ind2=" ">
      <marc:subfield code="a">Atlas</marc:subfield>
    </marc:datafield>
    <marc:datafield tag="690" ind1=" " ind2=" ">
      <marc:subfield code="a">Design studio</marc:subfield>
    </marc:datafield>
    <marc:datafield tag="690" ind1=" " ind2=" ">
      <marc:subfield code="a">Survivals</marc:subfield>
    </marc:datafield>
    <marc:datafield tag="690" ind1=" " ind2=" ">
      <marc:subfield code="a">Anachronisms</marc:subfield>
    </marc:datafield>
    <marc:datafield tag="690" ind1=" " ind2=" ">
      <marc:subfield code="a">Device</marc:subfield>
    </marc:datafield>
    <marc:datafield tag="690" ind1=" " ind2=" ">
      <marc:subfield code="a">Atlas</marc:subfield>
    </marc:datafield>
    <marc:datafield tag="690" ind1=" " ind2=" ">
      <marc:subfield code="a">Carreras</marc:subfield>
    </marc:datafield>
    <marc:datafield tag="690" ind1=" " ind2=" ">
      <marc:subfield code="a">Diseño</marc:subfield>
    </marc:datafield>
    <marc:datafield tag="690" ind1=" " ind2=" ">
      <marc:subfield code="a">Educación superior</marc:subfield>
    </marc:datafield>
    <marc:datafield tag="690" ind1=" " ind2=" ">
      <marc:subfield code="a">Enseñanza</marc:subfield>
    </marc:datafield>
    <marc:datafield tag="690" ind1=" " ind2=" ">
      <marc:subfield code="a">Enseñanza universitaria</marc:subfield>
    </marc:datafield>
    <marc:datafield tag="690" ind1=" " ind2=" ">
      <marc:subfield code="a">Investigación</marc:subfield>
    </marc:datafield>
    <marc:datafield tag="690" ind1=" " ind2=" ">
      <marc:subfield code="a">Metodologías</marc:subfield>
    </marc:datafield>
    <marc:datafield tag="690" ind1=" " ind2=" ">
      <marc:subfield code="a">Pedagogía</marc:subfield>
    </marc:datafield>
    <marc:datafield tag="690" ind1=" " ind2=" ">
      <marc:subfield code="a">Practica profesional</marc:subfield>
    </marc:datafield>
    <marc:datafield tag="690" ind1=" " ind2=" ">
      <marc:subfield code="a">Teoría</marc:subfield>
    </marc:datafield>
    <marc:datafield tag="690" ind1=" " ind2=" ">
      <marc:subfield code="a">Universidades</marc:subfield>
    </marc:datafield>
    <marc:datafield tag="690" ind1=" " ind2=" ">
      <marc:subfield code="a">Arquitectura</marc:subfield>
    </marc:datafield>
    <marc:datafield tag="655" ind1="7" ind2=" ">
      <marc:subfield code="a">info:eu-repo/semantics/doctoralThesis</marc:subfield>
      <marc:subfield code="2">local</marc:subfield>
    </marc:datafield>
    <marc:datafield tag="655" ind1="7" ind2=" ">
      <marc:subfield code="a">info:ar-repo/semantics/tesis doctoral</marc:subfield>
      <marc:subfield code="2">local</marc:subfield>
    </marc:datafield>
    <marc:datafield tag="655" ind1="7" ind2=" ">
      <marc:subfield code="a">info:eu-repo/semantics/acceptedVersion</marc:subfield>
      <marc:subfield code="2">local</marc:subfield>
    </marc:datafield>
    <marc:datafield tag="100" ind1="1" ind2="0">
      <marc:subfield code="a">Ledesma, María</marc:subfield>
      <marc:subfield code="e">contributor</marc:subfield>
    </marc:datafield>
    <marc:datafield tag="100" ind1="1" ind2="0">
      <marc:subfield code="a">Porter Galetar, Luis</marc:subfield>
      <marc:subfield code="e">contributor</marc:subfield>
    </marc:datafield>
    <marc:datafield tag="100" ind1="1" ind2="0">
      <marc:subfield code="a">Romano, Ana María</marc:subfield>
      <marc:subfield code="e">contributor</marc:subfield>
    </marc:datafield>
    <marc:datafield tag="100" ind1="1" ind2="0">
      <marc:subfield code="a">Maestripieri, Eduardo</marc:subfield>
      <marc:subfield code="e">contributor</marc:subfield>
    </marc:datafield>
    <marc:datafield tag="100" ind1="1" ind2="0">
      <marc:subfield code="a">Molinas, Isabel</marc:subfield>
      <marc:subfield code="e">contributor</marc:subfield>
    </marc:datafield>
    <marc:datafield tag="856" ind1="4" ind2="1">
      <marc:subfield code="u">https://repositoriouba.sisbi.uba.ar/gsdl/collect/aaqtesis/index/assoc/HWA_7559.dir/7559.PDF</marc:subfield>
      <marc:subfield code="z">Connect to this object online.</marc:subfield>
    </marc:datafield>
  </marc:record>