
  <marc:record>
    <marc:leader>09731 am a  006973u     </marc:leader>
    <marc:datafield tag="042" ind1=" " ind2=" ">
      <marc:subfield code="a">dc</marc:subfield>
    </marc:datafield>
    <marc:datafield tag="100" ind1="1" ind2="0">
      <marc:subfield code="a">Longoni, Lucas Emilio</marc:subfield>
      <marc:subfield code="e">author</marc:subfield>
    </marc:datafield>
    <marc:datafield tag="245" ind1="0" ind2="0">
      <marc:subfield code="a">Políticas y utopías : los proyectos hacia otra urbanidad en Argentina : 1966-1975</marc:subfield>
    </marc:datafield>
    <marc:datafield tag="246" ind1="3" ind2="3">
      <marc:subfield code="a">Policies and utopias : projects towards another urbanity in Argentina : 1966-1975</marc:subfield>
    </marc:datafield>
    <marc:datafield tag="260" ind1=" " ind2=" ">
      <marc:subfield code="b">Universidad de Buenos Aires. Facultad de Arquitectura, Diseño y Urbanismo, </marc:subfield>
      <marc:subfield code="c">2024-04-11.</marc:subfield>
    </marc:datafield>
    <marc:datafield tag="500" ind1=" " ind2=" ">
      <marc:subfield code="a">1966-1975</marc:subfield>
    </marc:datafield>
    <marc:datafield tag="500" ind1=" " ind2=" ">
      <marc:subfield code="a">http://repositoriouba.sisbi.uba.ar/gsdl/cgi-bin/library.cgi?a=d&amp;c=aaqtesis&amp;cl=CL1&amp;d=HWA_7575</marc:subfield>
    </marc:datafield>
    <marc:datafield tag="520" ind1=" " ind2=" ">
      <marc:subfield code="a">In the truncated experience of developmentalism in Argentina during the sixties, four actors starred in unprecedented articulations in the field of urban culture: the national State, the architectural discipline, the construction industry and the publishing industry. As a result of these exchanges, urban projects emerged as practices of an alternative idea of the city, giving rise to new forms and collective spaces of living. The observation of this phenomenon inspired various questions formulated in the thesis: what representations about the city and housing emerged from the sinuous confluence between these actors and institutions during the long decade of the sixties?; what tensions occurred between government policies and disciplinary corporations?; and what images or forms were selected and postulated as canonical in the construction of another urbanity?\nWith the idea of planning as its banner, the institutionalization of the ECLAC?s discourse in the American continent, starting after the second post-war period, pointed towards mixed investment between the State and large capital, in order to encourage technological innovation, productive integration and demographic rebalancing. Interventions in the territory, the city and housing were channeled as an instrument from continental politics to national states to support the desired economic development.\nIn Argentina, the relocation of the population residing in precarious settlements and the financing of housing on a massive scale for the middle and popular sectors, gave rise to a wide dissemination of plans and public calls for competitions. This new reality stimulated a professional shift that favored the incorporation of architectural firms and construction companies into the public works scene. From the technical point of view, professionals assimilated certain concepts and images from disciplinary debates in the international context, which shaped a fertile scenario to diversify the proposals on alternative urbanities to the historic city. The selective dissemination and local reinterpretations of these ideas were stimulated by the emergence of a series of specialized publications that cemented a publishing industry oriented towards architecture and urban planning.\nBased on the results of the calls, a select group of these architecture studios stood out, both for the originality of their proposals, as well as for the magnitude of housing units produced. We are referring to MPSGSSV (Manteola, Petchersky, Sánchez Gómez, Santos, Solsona, Viñoly), Staff (Goldemberg, Bielus and Wainstein Krasuk), GGMPU (Guerrero, Gramática, Morini, Pisani and Urtubey) and Miguel Ángel Roca. His unprecedented explorations regarding form, spaces and the design process resulted in urban projects located fragmentarily and disruptively on lands of the consolidated city, or widely implemented on the periphery. In this sense, the thesis investigates the procedures that gave rise to six groups selected as case studies: Soldati (Staff), Aluar, Rioja (MPSGSSV), Lugano (Municipal Housing Commission), SEP 1 (GGMPU) and Santo Domingo (SEA).\n"Policies and utopias. Projects towards another urbanity in Argentina. 1966-1975", deals with the historical dynamics of a late version of modern discourse in the country, the developmental paradigm associated with a singular intervention of the State together with a redefinition of professional and business practice, with radical consequences in the production of the city and the housing market.</marc:subfield>
    </marc:datafield>
    <marc:datafield tag="520" ind1=" " ind2=" ">
      <marc:subfield code="a">Fil: Longoni, Lucas Emilio. Universidad de Buenos Aires. Facultad de Arquitectura, Diseño y Urbanismo. Buenos Aires, Argentina</marc:subfield>
    </marc:datafield>
    <marc:datafield tag="520" ind1=" " ind2=" ">
      <marc:subfield code="a">En la experiencia trunca del desarrollismo en la Argentina de los años sesenta, cuatro actores protagonizaron articulaciones inéditas en el ámbito de la cultura urbana: el Estado nacional, la disciplina arquitectónica, la industria de la construcción y la industria editorial. Producto de esos intercambios, surgieron proyectos urbanos construidos como prácticas de una idea alternativa de ciudad, dando lugar a nuevas formas y espacios colectivos del habitar. La observación de este fenómeno inspiró diversas preguntas formuladas en la tesis: ¿qué representaciones sobre la ciudad y la vivienda surgen de la confluencia sinuosa entre esos actores e instituciones durante la larga década del sesenta?; ¿qué tensiones se produjeron entre las políticas gubernamentales y las corporaciones disciplinares?; y ¿qué imágenes o formas se seleccionaron y postularon como canónicas en la construcción de otra urbanidad?\nCon el ideario de la planificación como estandarte, la institucionalización del discurso cepalino en el continente americano a partir de la segunda posguerra apuntó hacia la inversión mixta entre el Estado y los grandes capitales, en vías de incentivar la innovación tecnológica, la integración productiva y el reequilibrio demográfico. Las intervenciones en el territorio, la ciudad y la vivienda, se canalizaron como un instrumento desde la política continental hacia los Estados nacionales para apuntalar el ansiado desarrollo económico.\nEn la Argentina, el realojamiento de la población residente en asentamientos precarios y el financiamiento de la vivienda a escala masiva para sectores medios y populares, dieron lugar a una amplia difusión de planes y convocatorias públicas a concursos. Esta nueva realidad estimuló un desplazamiento profesional que favoreció la incorporación de estudios de arquitectos y compañías constructoras a la escena de la obra pública. Desde la técnica, los profesionales asimilaron ciertos conceptos e imágenes provenientes de los debates disciplinares en el contexto internacional, que moldearon un escenario fértil para diversificar los planteos sobre urbanidades alternativas a la ciudad histórica. La difusión selectiva y las reinterpretaciones locales de estas ideas fueron estimuladas por la emergencia de una serie de publicaciones especializadas que cimentaron una industria editorial orientada hacia la arquitectura y el urbanismo.\nPor los resultados de las convocatorias, un grupo selecto de estos estudios de arquitectura sobresalió, tanto por la originalidad de sus propuestas, así como por la magnitud de unidades de viviendas producidas. Nos referimos a MPSGSSV (Manteola, Petchersky, Sánchez Gómez, Santos, Solsona, Viñoly), Staff (Goldemberg, Bielus y Wainstein Krasuk), GGMPU (Guerrero, Gramática, Morini, Pisani y Urtubey) y Miguel Ángel Roca. Sus exploraciones inéditas respecto a la forma, los espacios y el proceso proyectual, resultaron en proyectos urbanos emplazados fragmentariamente y de modo disruptivo en terrenos de la ciudad consolidada, o bien implantados extensamente sobre la periferia. En ese sentido, la tesis indaga sobre los procedimientos que dieron lugar a seis conjuntos seleccionados como casos de estudio: Soldati (Staff), Aluar, Rioja (MPSGSSV) Lugano (Comisión Municipal de la Vivienda), SEP 1 (GGMPU) y Santo Domingo (MAR).\n"Políticas y utopías. Los proyectos hacia otra urbanidad en Argentina. 1966-1975", trata sobre la dinámica histórica de una versión tardía del discurso moderno en el país, el paradigma desarrollista asociado a una singular intervención del Estado junto a una redefinición de la práctica profesional y empresarial, con consecuencias radicales en la producción de la ciudad y el mercado de la vivienda.</marc:subfield>
    </marc:datafield>
    <marc:datafield tag="520" ind1=" " ind2=" ">
      <marc:subfield code="a">Doctor de la Universidad de Buenos Aires, Área Urbanismo</marc:subfield>
    </marc:datafield>
    <marc:datafield tag="540" ind1=" " ind2=" ">
      <marc:subfield code="a">info:eu-repo/semantics/openAccess</marc:subfield>
    </marc:datafield>
    <marc:datafield tag="540" ind1=" " ind2=" ">
      <marc:subfield code="a">https://creativecommons.org/licenses/by-nc-nd/2.5/ar/</marc:subfield>
    </marc:datafield>
    <marc:datafield tag="546" ind1=" " ind2=" ">
      <marc:subfield code="a">spa</marc:subfield>
    </marc:datafield>
    <marc:datafield tag="690" ind1=" " ind2=" ">
      <marc:subfield code="a">Planificación</marc:subfield>
    </marc:datafield>
    <marc:datafield tag="690" ind1=" " ind2=" ">
      <marc:subfield code="a">Urbanidad</marc:subfield>
    </marc:datafield>
    <marc:datafield tag="690" ind1=" " ind2=" ">
      <marc:subfield code="a">Vivienda</marc:subfield>
    </marc:datafield>
    <marc:datafield tag="690" ind1=" " ind2=" ">
      <marc:subfield code="a">Desarrollismo</marc:subfield>
    </marc:datafield>
    <marc:datafield tag="690" ind1=" " ind2=" ">
      <marc:subfield code="a">Proyecto</marc:subfield>
    </marc:datafield>
    <marc:datafield tag="690" ind1=" " ind2=" ">
      <marc:subfield code="a">Planning</marc:subfield>
    </marc:datafield>
    <marc:datafield tag="690" ind1=" " ind2=" ">
      <marc:subfield code="a">Urbanity</marc:subfield>
    </marc:datafield>
    <marc:datafield tag="690" ind1=" " ind2=" ">
      <marc:subfield code="a">Housing</marc:subfield>
    </marc:datafield>
    <marc:datafield tag="690" ind1=" " ind2=" ">
      <marc:subfield code="a">Developmentalism</marc:subfield>
    </marc:datafield>
    <marc:datafield tag="690" ind1=" " ind2=" ">
      <marc:subfield code="a">Project</marc:subfield>
    </marc:datafield>
    <marc:datafield tag="690" ind1=" " ind2=" ">
      <marc:subfield code="a">Actores sociales</marc:subfield>
    </marc:datafield>
    <marc:datafield tag="690" ind1=" " ind2=" ">
      <marc:subfield code="a">Arquitectura</marc:subfield>
    </marc:datafield>
    <marc:datafield tag="690" ind1=" " ind2=" ">
      <marc:subfield code="a">Ciudades</marc:subfield>
    </marc:datafield>
    <marc:datafield tag="690" ind1=" " ind2=" ">
      <marc:subfield code="a">Crecimiento</marc:subfield>
    </marc:datafield>
    <marc:datafield tag="690" ind1=" " ind2=" ">
      <marc:subfield code="a">Desarrollo</marc:subfield>
    </marc:datafield>
    <marc:datafield tag="690" ind1=" " ind2=" ">
      <marc:subfield code="a">Diseño</marc:subfield>
    </marc:datafield>
    <marc:datafield tag="690" ind1=" " ind2=" ">
      <marc:subfield code="a">Economía</marc:subfield>
    </marc:datafield>
    <marc:datafield tag="690" ind1=" " ind2=" ">
      <marc:subfield code="a">Estado</marc:subfield>
    </marc:datafield>
    <marc:datafield tag="690" ind1=" " ind2=" ">
      <marc:subfield code="a">Estudios de arquitectura</marc:subfield>
    </marc:datafield>
    <marc:datafield tag="690" ind1=" " ind2=" ">
      <marc:subfield code="a">Industria de la construcción</marc:subfield>
    </marc:datafield>
    <marc:datafield tag="690" ind1=" " ind2=" ">
      <marc:subfield code="a">Investigación</marc:subfield>
    </marc:datafield>
    <marc:datafield tag="690" ind1=" " ind2=" ">
      <marc:subfield code="a">Movimiento moderno</marc:subfield>
    </marc:datafield>
    <marc:datafield tag="690" ind1=" " ind2=" ">
      <marc:subfield code="a">Paradigmas</marc:subfield>
    </marc:datafield>
    <marc:datafield tag="690" ind1=" " ind2=" ">
      <marc:subfield code="a">Planes habitacionales</marc:subfield>
    </marc:datafield>
    <marc:datafield tag="690" ind1=" " ind2=" ">
      <marc:subfield code="a">Planificación urbana</marc:subfield>
    </marc:datafield>
    <marc:datafield tag="690" ind1=" " ind2=" ">
      <marc:subfield code="a">Política urbana</marc:subfield>
    </marc:datafield>
    <marc:datafield tag="690" ind1=" " ind2=" ">
      <marc:subfield code="a">Proyectos</marc:subfield>
    </marc:datafield>
    <marc:datafield tag="690" ind1=" " ind2=" ">
      <marc:subfield code="a">Tecnología</marc:subfield>
    </marc:datafield>
    <marc:datafield tag="690" ind1=" " ind2=" ">
      <marc:subfield code="a">Teoría</marc:subfield>
    </marc:datafield>
    <marc:datafield tag="690" ind1=" " ind2=" ">
      <marc:subfield code="a">Utopías</marc:subfield>
    </marc:datafield>
    <marc:datafield tag="690" ind1=" " ind2=" ">
      <marc:subfield code="a">Urbanismo</marc:subfield>
    </marc:datafield>
    <marc:datafield tag="691" ind1=" " ind2=" ">
      <marc:subfield code="a">Argentina</marc:subfield>
    </marc:datafield>
    <marc:datafield tag="691" ind1=" " ind2=" ">
      <marc:subfield code="a">Década de 1960</marc:subfield>
    </marc:datafield>
    <marc:datafield tag="691" ind1=" " ind2=" ">
      <marc:subfield code="a">Década de 1970</marc:subfield>
    </marc:datafield>
    <marc:datafield tag="655" ind1="7" ind2=" ">
      <marc:subfield code="a">info:eu-repo/semantics/doctoralThesis</marc:subfield>
      <marc:subfield code="2">local</marc:subfield>
    </marc:datafield>
    <marc:datafield tag="655" ind1="7" ind2=" ">
      <marc:subfield code="a">info:ar-repo/semantics/tesis doctoral</marc:subfield>
      <marc:subfield code="2">local</marc:subfield>
    </marc:datafield>
    <marc:datafield tag="655" ind1="7" ind2=" ">
      <marc:subfield code="a">info:eu-repo/semantics/acceptedVersion</marc:subfield>
      <marc:subfield code="2">local</marc:subfield>
    </marc:datafield>
    <marc:datafield tag="100" ind1="1" ind2="0">
      <marc:subfield code="a">Rigotti, Ana María</marc:subfield>
      <marc:subfield code="e">contributor</marc:subfield>
    </marc:datafield>
    <marc:datafield tag="100" ind1="1" ind2="0">
      <marc:subfield code="a">Aboy, Rosa</marc:subfield>
      <marc:subfield code="e">contributor</marc:subfield>
    </marc:datafield>
    <marc:datafield tag="100" ind1="1" ind2="0">
      <marc:subfield code="a">Mirás, Marta</marc:subfield>
      <marc:subfield code="e">contributor</marc:subfield>
    </marc:datafield>
    <marc:datafield tag="100" ind1="1" ind2="0">
      <marc:subfield code="a">Martín Blas, Sergio</marc:subfield>
      <marc:subfield code="e">contributor</marc:subfield>
    </marc:datafield>
    <marc:datafield tag="856" ind1="4" ind2="1">
      <marc:subfield code="u">https://repositoriouba.sisbi.uba.ar/gsdl/collect/aaqtesis/index/assoc/HWA_7575.dir/7575.PDF</marc:subfield>
      <marc:subfield code="z">Connect to this object online.</marc:subfield>
    </marc:datafield>
  </marc:record>