
  <marc:record>
    <marc:leader>08838 am a  005413u     </marc:leader>
    <marc:datafield tag="042" ind1=" " ind2=" ">
      <marc:subfield code="a">dc</marc:subfield>
    </marc:datafield>
    <marc:datafield tag="100" ind1="1" ind2="0">
      <marc:subfield code="a">De Marco, Alejandra Nélida</marc:subfield>
      <marc:subfield code="e">author</marc:subfield>
    </marc:datafield>
    <marc:datafield tag="245" ind1="0" ind2="0">
      <marc:subfield code="a">Patrimonio arquitectónico y afectos : el Art Nouveau, un cronotopo de la Ciudad de Buenos Aires : una mirada desde el siglo XXI</marc:subfield>
    </marc:datafield>
    <marc:datafield tag="246" ind1="3" ind2="3">
      <marc:subfield code="a">Architectural heritage and affections : the Art Nouveau, a chronotope of Buenos Aires City : a look from the 21st century</marc:subfield>
    </marc:datafield>
    <marc:datafield tag="260" ind1=" " ind2=" ">
      <marc:subfield code="b">Universidad de Buenos Aires. Facultad de Arquitectura, Diseño y Urbanismo, </marc:subfield>
      <marc:subfield code="c">2023-10-30.</marc:subfield>
    </marc:datafield>
    <marc:datafield tag="500" ind1=" " ind2=" ">
      <marc:subfield code="a">http://repositoriouba.sisbi.uba.ar/gsdl/cgi-bin/library.cgi?a=d&amp;c=aaqtesis&amp;cl=CL1&amp;d=HWA_7555</marc:subfield>
    </marc:datafield>
    <marc:datafield tag="520" ind1=" " ind2=" ">
      <marc:subfield code="a">Traditionally, the patrimonialization process for architectural work has been directly linked to the value that history and legislation has given said work. As a necessary complement, this paper focalizes in considering the cognitive posibilities that affections have on determining the knowledge, value, and enforcement of a patrimony.\nNowadays, to fully understand the process, it is essential to bear in mind the role that society has in it through the affections each work brings out in people, which manifest appearing in papers, blogs, small city webpages, etc. which have been proclaiming in defense of building heritage.\nThe object of study in this paper can be defined as the phenomenon of patrimonialization in affective coding, considered through academic opening and transdisciplinarity that comes from philosophical elaborations and re-elaborations that appeared in postmodernity. In relation to this, the paper starts with a detailed revision of traditionally involved concepts when studying this -patrimony, culture, identity, memories, history- all under the recent postmetaphysics values.\nAs a postmodern response to the exclusively rationalist arguments, next we will be paying special attention to the appearance of different turns, directed to the affirmation of otherness and difference. This paper will focus specifically on the appearance of the so-called affective turn, which questions the supremacy of meanings and allows to open relationship and encounter zones that were not explored before, which then merge the material (concrete building) with the non material (memory, affections, history).\nTo all that we can also add the Bakthinian concept of chronotope, which can be explained as the specific relationship between time and space, significance and affection, and the later cultural re-elaborations on the meaning of chronotopies - theoretical ad hoc constructions arisen from the elaboration of axioms characteristic from the Buenos Aires Art Nouveau, classified as encounters and disagreements (considering joy and sadness as bases for spinozian affections). From these, chronotope anchors are born, defined as concrete elements from reality that need the receptor?s eyes to build an affective relationship that connects the work and the individual images for data collection found in digital publications can be classified as such.\nThe study concludes showing an affective mapping based on three concepts: Play, Symbolism, and Party, which reflect the current imagery that the comunity feels towards the Art Nouveau architecture of Buenos Aires. \nIn summary, this work proves that through a chronotope that draws attention to a specific group of people in a specific place (tope) and merging the past (chrono) with a dissimilar here and now, it is possible to design adequate chronotopes with their corresponding chronotopic anchors. These data allows to visualize the approach of individuals to knowledge and value of certain works, reinforcing the affectionals relationship between piece and participatory viewer, which turns into a determinant factor for its eventual patrimonialization.</marc:subfield>
    </marc:datafield>
    <marc:datafield tag="520" ind1=" " ind2=" ">
      <marc:subfield code="a">Fil: De Marco, Alejandra Nélida. Universidad de Buenos Aires. Facultad de Arquitectura, Diseño y Urbanismo. Buenos Aires, Argentina</marc:subfield>
    </marc:datafield>
    <marc:datafield tag="520" ind1=" " ind2=" ">
      <marc:subfield code="a">Tradicionalmente, el proceso de patrimonialización de una obra arquitectónica ha estado ligado a la valoración que la historia y la legislación le ha asignado. como complemento necesario de esta concepción, este trabajo se centra en considerar las posibilidades cognitivas que tienen el afecto y las emociones para el conocimiento del patrimonio, para su valoración y consecuente aplicación en la patrimonialización. \nSe basa en que, en la actualidad, para una acabada comprensión de dicho proceso, es imprescindible tener en cuenta la participación que la sociedad tiene en él a través del afecto que tales obras despiertan en los individuos, manifestado en la aparición en los últimos años de diarios, páginas web barriales, blogs, asociaciones vecinales, etc que se han pronunciado en defensa del patrimonio edilicio.\nEl objeto del presente estudio puede definirse como el fenómeno de patrimonialización en código afectivo, es decir, tratado desde la apertura académica y la transdisciplinariedad devenidas de las elaboraciones y reelaboraciones filosóficas surgidas en la postmodernidad. En relación a ello se inicia con una detallada revisión de los conceptos tradicionalmente involucrados en el campo de estudio -patrimonio, cultura, identidad, memoria, historia- bajo la nueva óptica postmetafísica. Seguidamente se presta especial atención -como respuesta de la posmodernidad a los planteos excluyentemente racionalistas- al nacimiento de los diferentes giros, dirigidos a la afirmación de la alteridad y la diferencia; especialmente se considera la aparición del denominado giro afectivo, que cuestiona la supremacía de los significados y permite abrir zonas de relaciones y encuentros poco exploradas que ponen en contacto lo material -edificio concreto- con lo inmaterial -memoria, afectos, historia.\nA lo antedicho se suma el concepto bajtiniano de cronotopo, entendido como relación específica entre espacio-tiempo (lugar-memoria) - significación/ emoción, y las posteriores reelaboraciones culturales devenidas en la noción de cronotopías -aquí, construcciones teóricas ad hoc surgidas de la elaboración de axiomas propios del Art Nouveau porteño, clasificadas a la vez como encuentros y desencuentros (apelando a los afectos spinozianos, con base respectivamente en la alegría y la tristeza). \nDe ellas surgen los correspondientes anclajes cronotópicos -elementos concretos de la realidad que sujetan la mirada del receptor para establecer una relación afectiva que lo conecta con las obras. Se han considerado como tales las imágenes con las que la comunidad se encuentra en las publicaciones digitales tomadas en cuenta para la recolección de datos.\nEl estudio concluye con el trazado de un mapeo afectivo que, basándose en este caso en tres conceptos -Juego, Símbolo y Fiesta-, refleja el imaginario actual de la comunidad hacia la arquitectura Art Nouveau de la ciudad de Buenos Aires.\nEn síntesis, este trabajo demuestra que, por medio de la elección de un cronotopo que responda a los intereses de un grupo de individuos en determinado lugar (topo) y uniendo el pasado (crono) con un aquí y ahora disímil, es factible diseñar adecuadas cronotopías con sus correspondientes anclajes cronotópicos. Estos datos posibilitan visualizar el acceso de los individuos al conocimiento y valoración de una obra, reforzando la relación afectiva entre obra y espectador participativo, erigiéndose así en un factor determinante para su eventual patrimonialización.</marc:subfield>
    </marc:datafield>
    <marc:datafield tag="520" ind1=" " ind2=" ">
      <marc:subfield code="a">Doctora de la Universidad de Buenos Aires, Área Arquitectura</marc:subfield>
    </marc:datafield>
    <marc:datafield tag="540" ind1=" " ind2=" ">
      <marc:subfield code="a">info:eu-repo/semantics/openAccess</marc:subfield>
    </marc:datafield>
    <marc:datafield tag="540" ind1=" " ind2=" ">
      <marc:subfield code="a">https://creativecommons.org/licenses/by-nc-nd/2.5/ar/</marc:subfield>
    </marc:datafield>
    <marc:datafield tag="546" ind1=" " ind2=" ">
      <marc:subfield code="a">spa</marc:subfield>
    </marc:datafield>
    <marc:datafield tag="690" ind1=" " ind2=" ">
      <marc:subfield code="a">Patrimonio arquitectónico</marc:subfield>
    </marc:datafield>
    <marc:datafield tag="690" ind1=" " ind2=" ">
      <marc:subfield code="a">Patrimonialización</marc:subfield>
    </marc:datafield>
    <marc:datafield tag="690" ind1=" " ind2=" ">
      <marc:subfield code="a">Giro afectivo</marc:subfield>
    </marc:datafield>
    <marc:datafield tag="690" ind1=" " ind2=" ">
      <marc:subfield code="a">Cronotopo</marc:subfield>
    </marc:datafield>
    <marc:datafield tag="690" ind1=" " ind2=" ">
      <marc:subfield code="a">Cronotopías</marc:subfield>
    </marc:datafield>
    <marc:datafield tag="690" ind1=" " ind2=" ">
      <marc:subfield code="a">Architectural patrimony</marc:subfield>
    </marc:datafield>
    <marc:datafield tag="690" ind1=" " ind2=" ">
      <marc:subfield code="a">Patrimonialization</marc:subfield>
    </marc:datafield>
    <marc:datafield tag="690" ind1=" " ind2=" ">
      <marc:subfield code="a">Affective turn</marc:subfield>
    </marc:datafield>
    <marc:datafield tag="690" ind1=" " ind2=" ">
      <marc:subfield code="a">Chronotope</marc:subfield>
    </marc:datafield>
    <marc:datafield tag="690" ind1=" " ind2=" ">
      <marc:subfield code="a">Art Nouveau</marc:subfield>
    </marc:datafield>
    <marc:datafield tag="690" ind1=" " ind2=" ">
      <marc:subfield code="a">Ciudades</marc:subfield>
    </marc:datafield>
    <marc:datafield tag="690" ind1=" " ind2=" ">
      <marc:subfield code="a">Cultura</marc:subfield>
    </marc:datafield>
    <marc:datafield tag="690" ind1=" " ind2=" ">
      <marc:subfield code="a">Historia</marc:subfield>
    </marc:datafield>
    <marc:datafield tag="690" ind1=" " ind2=" ">
      <marc:subfield code="a">Identidad</marc:subfield>
    </marc:datafield>
    <marc:datafield tag="690" ind1=" " ind2=" ">
      <marc:subfield code="a">Investigación</marc:subfield>
    </marc:datafield>
    <marc:datafield tag="690" ind1=" " ind2=" ">
      <marc:subfield code="a">Legislación</marc:subfield>
    </marc:datafield>
    <marc:datafield tag="690" ind1=" " ind2=" ">
      <marc:subfield code="a">Memoria</marc:subfield>
    </marc:datafield>
    <marc:datafield tag="690" ind1=" " ind2=" ">
      <marc:subfield code="a">Sociedad</marc:subfield>
    </marc:datafield>
    <marc:datafield tag="690" ind1=" " ind2=" ">
      <marc:subfield code="a">Arquitectura</marc:subfield>
    </marc:datafield>
    <marc:datafield tag="691" ind1=" " ind2=" ">
      <marc:subfield code="a">Argentina</marc:subfield>
    </marc:datafield>
    <marc:datafield tag="691" ind1=" " ind2=" ">
      <marc:subfield code="a">Buenos Aires, Ciudad</marc:subfield>
    </marc:datafield>
    <marc:datafield tag="691" ind1=" " ind2=" ">
      <marc:subfield code="a">Siglo XXI</marc:subfield>
    </marc:datafield>
    <marc:datafield tag="655" ind1="7" ind2=" ">
      <marc:subfield code="a">info:eu-repo/semantics/doctoralThesis</marc:subfield>
      <marc:subfield code="2">local</marc:subfield>
    </marc:datafield>
    <marc:datafield tag="655" ind1="7" ind2=" ">
      <marc:subfield code="a">info:ar-repo/semantics/tesis doctoral</marc:subfield>
      <marc:subfield code="2">local</marc:subfield>
    </marc:datafield>
    <marc:datafield tag="655" ind1="7" ind2=" ">
      <marc:subfield code="a">info:eu-repo/semantics/acceptedVersion</marc:subfield>
      <marc:subfield code="2">local</marc:subfield>
    </marc:datafield>
    <marc:datafield tag="100" ind1="1" ind2="0">
      <marc:subfield code="a">Arias Incollá, María de las Nieves</marc:subfield>
      <marc:subfield code="e">contributor</marc:subfield>
    </marc:datafield>
    <marc:datafield tag="100" ind1="1" ind2="0">
      <marc:subfield code="a">Caron, Daniele</marc:subfield>
      <marc:subfield code="e">contributor</marc:subfield>
    </marc:datafield>
    <marc:datafield tag="100" ind1="1" ind2="0">
      <marc:subfield code="a">Sabugo, Mario</marc:subfield>
      <marc:subfield code="e">contributor</marc:subfield>
    </marc:datafield>
    <marc:datafield tag="100" ind1="1" ind2="0">
      <marc:subfield code="a">Giunta, Rodolfo</marc:subfield>
      <marc:subfield code="e">contributor</marc:subfield>
    </marc:datafield>
    <marc:datafield tag="856" ind1="4" ind2="1">
      <marc:subfield code="u">https://repositoriouba.sisbi.uba.ar/gsdl/collect/aaqtesis/index/assoc/HWA_7555.dir/7555.PDF</marc:subfield>
      <marc:subfield code="z">Connect to this object online.</marc:subfield>
    </marc:datafield>
  </marc:record>