
  <marc:record>
    <marc:leader>08611 am a  006493u     </marc:leader>
    <marc:datafield tag="042" ind1=" " ind2=" ">
      <marc:subfield code="a">dc</marc:subfield>
    </marc:datafield>
    <marc:datafield tag="100" ind1="1" ind2="0">
      <marc:subfield code="a">Herr, Carola Ingrid</marc:subfield>
      <marc:subfield code="e">author</marc:subfield>
    </marc:datafield>
    <marc:datafield tag="245" ind1="0" ind2="0">
      <marc:subfield code="a">Restauraciones del pasado colonial en Argentina : proyectos de Mario J. Buschiazzo para la intervención de Monumentos Históricos Nacionales (1937-1947)</marc:subfield>
    </marc:datafield>
    <marc:datafield tag="246" ind1="3" ind2="3">
      <marc:subfield code="a">Restoration of the colonial past in Argentina : projects by Mario J. Buschiazzo for the intervention of National Historical Monuments (1937-1947)</marc:subfield>
    </marc:datafield>
    <marc:datafield tag="260" ind1=" " ind2=" ">
      <marc:subfield code="b">Universidad de Buenos Aires. Facultad de Arquitectura, Diseño y Urbanismo, </marc:subfield>
      <marc:subfield code="c">2022-09-29.</marc:subfield>
    </marc:datafield>
    <marc:datafield tag="500" ind1=" " ind2=" ">
      <marc:subfield code="a">1937-1947</marc:subfield>
    </marc:datafield>
    <marc:datafield tag="500" ind1=" " ind2=" ">
      <marc:subfield code="a">http://repositoriouba.sisbi.uba.ar/gsdl/cgi-bin/library.cgi?a=d&amp;c=aaqtesis&amp;cl=CL1&amp;d=HWA_7572</marc:subfield>
    </marc:datafield>
    <marc:datafield tag="520" ind1=" " ind2=" ">
      <marc:subfield code="a">This research, as part of heritage studies and aims to analyze the relations between heritage assessment and intervention in the context of the reassessment of colonial architecture during the foundational phase of the heritage field in Argentina (1937-1947). With that purpose, this work focuses in analyzing National Historic Monuments from the Colonial period located in the Center, Parana River Coastline and Northwest of Argentina and their interventions considering the projects developed by Mario J. Buschiazzo.\nTowards the end of 1930, Argentina began a systematic patrimonialization process that consolidated the colonial architecture as a reference of national identity. After a long process initiated, in the architectural field by the neocolonial movement debates, it was time to deal with preservation architecture. Once the political administrative structure to safeguard and protect heritage had been established through the creation of the National Commission of Museums, Monuments and Historical Sites (CNMMyLH in Spanish) the next mandatory step was to decide how to preserve the recently nominated historic monuments. Mario Buschiazzo a reference from history of colonial architecture in America, was in charge of designing the interventions for their re-assessment. Without local experience, with the colonial heritage in a heterogeneous conservation state and in an international context of dissociated criteria between theory and practice, the challenge was raised.\nBibliography points to the fact that Argentinian historical studies have assessed the colonial architecture based on a stylistic and synchronic approach, without considering the interventions that had taken place in these buildings. However, the current outlook of many of them is the result of the restorations implemented during the '40ties. Moreover, the approach that summarizes this period prevails in the iconic reconstruction examples from the Independence House in Tucuman and the Town Council from Buenos Aires.\nTaking this into account, the general purpose of this thesis is to increase the previous knowledge considering variability and new dimensions of analysis. Thus, the proposal is to deepen the analysis and to add specificity by studying the Town Council of Salta, the Posta of Sinsacate, the Uriburu House and the San Francisco Convent and Temple. These examples reflect restorations of monumental and modest architectural, with different valuation, acknowledgement and conservation state that allows to explore the relationship between the theoretical and the practical problems that converge at historic monuments during the foundational period of the CNMMyLH with an integral approach including the context, documental and technical-conservative dimensions.</marc:subfield>
    </marc:datafield>
    <marc:datafield tag="520" ind1=" " ind2=" ">
      <marc:subfield code="a">Fil: Herr, Carola Ingrid. Universidad de Buenos Aires. Facultad de Arquitectura, Diseño y Urbanismo. Buenos Aires, Argentina</marc:subfield>
    </marc:datafield>
    <marc:datafield tag="520" ind1=" " ind2=" ">
      <marc:subfield code="a">La presente investigación se inscribe en el ámbito de los estudios patrimoniales y tiene como objetivo problematizar la relación existente entre la valoración y la intervención patrimonial en el escenario de revalorización de la arquitectura colonial durante la etapa fundacional del campo patrimonial (1937-1947). Para ello se centra en el estudio de los Monumentos Históricos Nacionales, correspondientes al período colonial del Centro, Litoral y Noroeste argentino, y de las intervenciones de los que fueron objeto, conforme a los proyectos delineados por el arquitecto Mario J. Buschiazzo.\nArgentina comenzó, hacia fines de la década de 1930, un proceso sistemático de patrimonialización y "activó" como referentes patrimoniales a obras del período colonial. Tras una dilatada espera, iniciada en el campo arquitectónico con los debates del movimiento neocolonial, había llegado el turno de dar respuesta a la problemática de la preservación arquitectónica. Establecida la estructura político-administrativa para la tutela y protección patrimonial, mediante la creación de la Comisión Nacional de Museos, de Monumentos y de Lugares Históricos (CNMMyLH), el paso siguiente, y casi obligado, consistió en decidir "cómo" preservar a los recientemente catalogados Monumentos Histórico-Nacionales (MHN). Mario J. Buschiazzo (MJB), referente de la historia de la arquitectura colonial americana, fue quien debió proyectar las intervenciones para su revaloración. Sin experiencias previas en el ámbito local, con una herencia colonial heterogénea en su estado de conservación y frente un clima de desacuerdos entre la teoría y la praxis en el ámbito internacional, el desafió estaba planteado.\nLos antecedentes bibliográficos permiten advertir que la historiografía argentina se focalizó en estudiar aspectos relativos a la valoración de la arquitectura producida en la etapa colonial, desde aproximaciones estilísticas y sincrónicas, con mínima o nula consideración de las intervenciones que acontecieron en ellas. Sin embargo, la imagen actual de muchos de los MHN es producto de las restauraciones practicadas durante la década de 1940. Asimismo, prevalece un enfoque que sintetiza lo actuado en dicho período a partir de explicitar las reconstrucciones llevadas a cabo en obras paradigmáticas tales como la Casa Histórica de la Independencia, en Tucumán, y el Cabildo de Buenos Aires. \nBajo estas consideraciones, el propósito general de la tesis es realizar un aporte al conocimiento del campo historiográfico y ampliar la comprensión de lo actuado, incorporando variabilidad y nuevas dimensiones de análisis a los estudios previos. Así, se propone profundizar el análisis e incrementar especificidad a partir del estudio del Cabildo de Salta, la Posta de Sinsacate, la Casa de los Uriburu y el Convento y Templo de San Francisco. Estos reflejan restauraciones realizadas en MH de escala modesta y monumental, con diversos grados de valoración, reconocimiento y estado de conservación para abordar la interrelación entre el problema teórico y el práctico que confluyen en los MHN, durante la etapa fundacional de la CNMMyLH, desde un enfoque integral que incluye su dimensión contextual, documental y técnico-conservativa.</marc:subfield>
    </marc:datafield>
    <marc:datafield tag="520" ind1=" " ind2=" ">
      <marc:subfield code="a">Doctora de la Universidad de Buenos Aires, Área Arquitectura</marc:subfield>
    </marc:datafield>
    <marc:datafield tag="540" ind1=" " ind2=" ">
      <marc:subfield code="a">info:eu-repo/semantics/openAccess</marc:subfield>
    </marc:datafield>
    <marc:datafield tag="540" ind1=" " ind2=" ">
      <marc:subfield code="a">https://creativecommons.org/licenses/by-nc-nd/2.5/ar/</marc:subfield>
    </marc:datafield>
    <marc:datafield tag="546" ind1=" " ind2=" ">
      <marc:subfield code="a">spa</marc:subfield>
    </marc:datafield>
    <marc:datafield tag="690" ind1=" " ind2=" ">
      <marc:subfield code="a">Restauración</marc:subfield>
    </marc:datafield>
    <marc:datafield tag="690" ind1=" " ind2=" ">
      <marc:subfield code="a">Mario J. Buschiazzo</marc:subfield>
    </marc:datafield>
    <marc:datafield tag="690" ind1=" " ind2=" ">
      <marc:subfield code="a">Monumentos históricos</marc:subfield>
    </marc:datafield>
    <marc:datafield tag="690" ind1=" " ind2=" ">
      <marc:subfield code="a">Valoración patrimonial</marc:subfield>
    </marc:datafield>
    <marc:datafield tag="690" ind1=" " ind2=" ">
      <marc:subfield code="a">Arquitectura colonial</marc:subfield>
    </marc:datafield>
    <marc:datafield tag="690" ind1=" " ind2=" ">
      <marc:subfield code="a">Restoration</marc:subfield>
    </marc:datafield>
    <marc:datafield tag="690" ind1=" " ind2=" ">
      <marc:subfield code="a">Mario J. Buschiazzo</marc:subfield>
    </marc:datafield>
    <marc:datafield tag="690" ind1=" " ind2=" ">
      <marc:subfield code="a">Historical monuments</marc:subfield>
    </marc:datafield>
    <marc:datafield tag="690" ind1=" " ind2=" ">
      <marc:subfield code="a">Heritage assessment</marc:subfield>
    </marc:datafield>
    <marc:datafield tag="690" ind1=" " ind2=" ">
      <marc:subfield code="a">Colonial architecture</marc:subfield>
    </marc:datafield>
    <marc:datafield tag="690" ind1=" " ind2=" ">
      <marc:subfield code="a">Arquitectura neocolonial</marc:subfield>
    </marc:datafield>
    <marc:datafield tag="690" ind1=" " ind2=" ">
      <marc:subfield code="a">Cabildos</marc:subfield>
    </marc:datafield>
    <marc:datafield tag="690" ind1=" " ind2=" ">
      <marc:subfield code="a">Casas de gobierno</marc:subfield>
    </marc:datafield>
    <marc:datafield tag="690" ind1=" " ind2=" ">
      <marc:subfield code="a">Conservación</marc:subfield>
    </marc:datafield>
    <marc:datafield tag="690" ind1=" " ind2=" ">
      <marc:subfield code="a">Conventos</marc:subfield>
    </marc:datafield>
    <marc:datafield tag="690" ind1=" " ind2=" ">
      <marc:subfield code="a">Cultura</marc:subfield>
    </marc:datafield>
    <marc:datafield tag="690" ind1=" " ind2=" ">
      <marc:subfield code="a">Gestión</marc:subfield>
    </marc:datafield>
    <marc:datafield tag="690" ind1=" " ind2=" ">
      <marc:subfield code="a">Historia</marc:subfield>
    </marc:datafield>
    <marc:datafield tag="690" ind1=" " ind2=" ">
      <marc:subfield code="a">Historiografía</marc:subfield>
    </marc:datafield>
    <marc:datafield tag="690" ind1=" " ind2=" ">
      <marc:subfield code="a">Identidad</marc:subfield>
    </marc:datafield>
    <marc:datafield tag="690" ind1=" " ind2=" ">
      <marc:subfield code="a">Investigación</marc:subfield>
    </marc:datafield>
    <marc:datafield tag="690" ind1=" " ind2=" ">
      <marc:subfield code="a">Metodologías</marc:subfield>
    </marc:datafield>
    <marc:datafield tag="690" ind1=" " ind2=" ">
      <marc:subfield code="a">Patrimonio arquitectónico</marc:subfield>
    </marc:datafield>
    <marc:datafield tag="690" ind1=" " ind2=" ">
      <marc:subfield code="a">Proyectos</marc:subfield>
    </marc:datafield>
    <marc:datafield tag="690" ind1=" " ind2=" ">
      <marc:subfield code="a">Puesta en valor</marc:subfield>
    </marc:datafield>
    <marc:datafield tag="690" ind1=" " ind2=" ">
      <marc:subfield code="a">Rehabilitación</marc:subfield>
    </marc:datafield>
    <marc:datafield tag="690" ind1=" " ind2=" ">
      <marc:subfield code="a">Sitios históricos</marc:subfield>
    </marc:datafield>
    <marc:datafield tag="690" ind1=" " ind2=" ">
      <marc:subfield code="a">Arquitectura</marc:subfield>
    </marc:datafield>
    <marc:datafield tag="691" ind1=" " ind2=" ">
      <marc:subfield code="a">Argentina</marc:subfield>
    </marc:datafield>
    <marc:datafield tag="655" ind1="7" ind2=" ">
      <marc:subfield code="a">info:eu-repo/semantics/doctoralThesis</marc:subfield>
      <marc:subfield code="2">local</marc:subfield>
    </marc:datafield>
    <marc:datafield tag="655" ind1="7" ind2=" ">
      <marc:subfield code="a">info:ar-repo/semantics/tesis doctoral</marc:subfield>
      <marc:subfield code="2">local</marc:subfield>
    </marc:datafield>
    <marc:datafield tag="655" ind1="7" ind2=" ">
      <marc:subfield code="a">info:eu-repo/semantics/acceptedVersion</marc:subfield>
      <marc:subfield code="2">local</marc:subfield>
    </marc:datafield>
    <marc:datafield tag="100" ind1="1" ind2="0">
      <marc:subfield code="a">Elías, Alejandra</marc:subfield>
      <marc:subfield code="e">contributor</marc:subfield>
    </marc:datafield>
    <marc:datafield tag="100" ind1="1" ind2="0">
      <marc:subfield code="a">Martínez Nespral, Fernando</marc:subfield>
      <marc:subfield code="e">contributor</marc:subfield>
    </marc:datafield>
    <marc:datafield tag="100" ind1="1" ind2="0">
      <marc:subfield code="a">Gutman, Margarita</marc:subfield>
      <marc:subfield code="e">contributor</marc:subfield>
    </marc:datafield>
    <marc:datafield tag="100" ind1="1" ind2="0">
      <marc:subfield code="a">Arroyo, Silvia</marc:subfield>
      <marc:subfield code="e">contributor</marc:subfield>
    </marc:datafield>
    <marc:datafield tag="100" ind1="1" ind2="0">
      <marc:subfield code="a">Lozano, Ana Isabel</marc:subfield>
      <marc:subfield code="e">contributor</marc:subfield>
    </marc:datafield>
    <marc:datafield tag="856" ind1="4" ind2="1">
      <marc:subfield code="u">https://repositoriouba.sisbi.uba.ar/gsdl/collect/aaqtesis/index/assoc/HWA_7572.dir/7572.PDF</marc:subfield>
      <marc:subfield code="z">Connect to this object online.</marc:subfield>
    </marc:datafield>
  </marc:record>