
  <marc:record>
    <marc:leader>08763 am a  005053u     </marc:leader>
    <marc:datafield tag="042" ind1=" " ind2=" ">
      <marc:subfield code="a">dc</marc:subfield>
    </marc:datafield>
    <marc:datafield tag="100" ind1="1" ind2="0">
      <marc:subfield code="a">Compagnoni, Ana María</marc:subfield>
      <marc:subfield code="e">author</marc:subfield>
    </marc:datafield>
    <marc:datafield tag="245" ind1="0" ind2="0">
      <marc:subfield code="a">Crecimiento urbano y habitabilidad : un modelo analítico-valorativo para el espacio público urbano</marc:subfield>
    </marc:datafield>
    <marc:datafield tag="246" ind1="3" ind2="3">
      <marc:subfield code="a">Urban growth and habitability : a valuation-analitical model for urban public space</marc:subfield>
    </marc:datafield>
    <marc:datafield tag="260" ind1=" " ind2=" ">
      <marc:subfield code="b">Universidad de Buenos Aires. Facultad de Arquitectura, Diseño y Urbanismo, </marc:subfield>
      <marc:subfield code="c">2022-07-01.</marc:subfield>
    </marc:datafield>
    <marc:datafield tag="500" ind1=" " ind2=" ">
      <marc:subfield code="a">http://repositoriouba.sisbi.uba.ar/gsdl/cgi-bin/library.cgi?a=d&amp;c=aaqtesis&amp;cl=CL1&amp;d=HWA_6885</marc:subfield>
    </marc:datafield>
    <marc:datafield tag="520" ind1=" " ind2=" ">
      <marc:subfield code="a">Over the past decades, forms of urban growth in developing countries have generated increasing problems of fragmentation and urban dispersion, requiring the definition of local parameters adapted to specific environmental conditions, to achieve a balance between the Compact City and the Diffuse City with appropriate urban habitability conditions. In this sense, it is of particular interest to enhance the role of public space as an integrator and moderator of fragmented metropolitan environments. The problem identified for this research is the lack of tools to undertake comprehensive assessments and promote the habitability and quality of life in public spaces affected by urban fragmentation and dispersion. In this framework, the need arises to develop procedures and tools that allow monitoring the built habitat to achieve a better public space performance in its environmental context, as a contribution to sustainable urban growth. \nTherefore, the objective of this thesis is to provide a Valuation Analytical Model of habitability conditions to assess the incidence of design and planning variables of the urban habitat on public space quality and performance. The Municipality of General San Martín is chosen as a study area, a diverse district representative of the conditions typical of the inner sector of urban expansion of the Metropolitan Area of Buenos Aires. The natural conditions of the territory, the environmental and climatic factors of the area are studied, and the historical process of land occupation and its environmental consequences are analyzed. \nBased on a diverse theoretical framework, forms of urban growth are identified as case studies with representative analysis units of the typical public spaces of the area, selected as the base matrix of the research. Three dimensions of public space are defined: morphology, materiality and functionality, and their interaction with the sustainability fields, based on a matrix that allows identifying attributes and variables involved. These attributes form a valuation analytical model of habitability for public urban space, allowing an integrated evaluation of the three dimensions within the framework of urban sustainability in the units selected for each case study. This procedure facilitates both the observation and qualification of habitability achieved in the current conditions of the city while allowing revision and adjustments to optimize the results obtained, as well as to anticipate the future performance of potential urban growth. It is estimated that this tool will provide a useful contribution to the development of planning regulations aimed at promoting forms of urban growth in balance with habitability conditions, contemplating the diversity of incident factors and minimizing the impact of the built habitat on the environment. It also offers a contribution to the understanding of urban habitats and to the interpretation of the aspects that condition its habitability. The work contributes to enhancing the design practice, leading it towards a better balance between the built environment and the open public space, providing a verification and implementation tool, both for the regulatory development and the urban project.</marc:subfield>
    </marc:datafield>
    <marc:datafield tag="520" ind1=" " ind2=" ">
      <marc:subfield code="a">Fil: Compagnoni, Ana María. Universidad de Buenos Aires. Facultad de Arquitectura, Diseño y Urbanismo. Buenos Aires, Argentina</marc:subfield>
    </marc:datafield>
    <marc:datafield tag="520" ind1=" " ind2=" ">
      <marc:subfield code="a">Durante las últimas décadas las formas de crecimiento urbano en países en desarrollo generaron crecientes problemas de fragmentación y dispersión urbana, requiriendo la definición de parámetros locales adaptados a las condiciones ambientales específicas, para lograr un equilibrio entre la Ciudad Compacta y la Ciudad Difusa con condiciones de habitabilidad urbana apropiadas. En este sentido, resulta de especial interés potenciar del rol del espacio público como integrador y cualificador de entornos metropolitanos fragmentados. El problema identificado para esta investigación es la falta de herramientas para evaluar y orientar en forma integral la habitabilidad y calidad del espacio público en entornos afectados por la fragmentación y dispersión urbana. En ese marco, se plantea la necesidad de desarrollar procedimientos y herramientas que permitan monitorizar el hábitat construido para un mejor desempeño del espacio público en su contexto ambiental, como contribución a la sustentabilidad del crecimiento urbano. A tal fin, el objetivo de esta tesis es aportar un modelo analítico - valorativo de habitabilidad para evaluar la incidencia de variables de diseño y planificación del hábitat urbano en la calidad y el desempeño del espacio público. Se selecciona como área de estudio el Partido de General San Martín, por considerarla suficientemente diversa y representativa de las condiciones urbanas típicas del primer cordón expansivo del Área Metropolitana de Buenos Aires. \nSe estudian las condiciones naturales del territorio, los factores ambientales y climáticos del área y se analiza del proceso histórico de ocupación del suelo y sus consecuencias ambientales. Sobre la base de un marco teórico diverso, se identifican las formas de crecimiento urbano como casos de estudio y se seleccionan las unidades de análisis representativas de los espacios públicos típicos del área, como matriz de anclaje de la investigación. Se definen las tres dimensiones del espacio público: morfología, materialidad y funcionalidad, y su interacción con los campos de la sustentabilidad, a partir de una matriz que permite identificar los tributos y las variables involucrados en estos. Estos atributos conforman un Modelo Valorativo de Habitabilidad del Espacio Público Urbano, que permite evaluar en forma integral aspectos de las tres dimensiones en el marco de la sustentabilidad urbana, en las unidades seleccionadas para cada caso de estudio. Este procedimiento facilita la observación y calificación de habitabilidad en las condiciones actuales de la ciudad y la propuesta de ajustes que permitan optimizar los resultados obtenidos y prever el desempeño futuro del crecimiento urbano potencial. \nSe estima que esta herramienta será un aporte al desarrollo de normativas de planeamiento orientadas a promover formas de crecimiento urbano en equilibrio con condiciones de habitabilidad, contemplando la diversidad de factores incidentes y minimizando el impacto del hábitat construido sobre el ambiente. Se considera asimismo una contribución al conocimiento del hábitat urbano y a la interpretación de los aspectos que condicionan su sustentabilidad. El trabajo contribuye a potenciar la práctica proyectual conduciéndola hacia un mayor equilibrio entre el medio construido y el espacio público abierto, aportando una herramienta de verificación e implementación tanto para el desarrollo de la normativa como del proyecto urbano.</marc:subfield>
    </marc:datafield>
    <marc:datafield tag="520" ind1=" " ind2=" ">
      <marc:subfield code="a">Doctora de la Universidad de Buenos Aires, Área Urbanismo</marc:subfield>
    </marc:datafield>
    <marc:datafield tag="540" ind1=" " ind2=" ">
      <marc:subfield code="a">info:eu-repo/semantics/openAccess</marc:subfield>
    </marc:datafield>
    <marc:datafield tag="540" ind1=" " ind2=" ">
      <marc:subfield code="a">https://creativecommons.org/licenses/by-nc-nd/2.5/ar/</marc:subfield>
    </marc:datafield>
    <marc:datafield tag="546" ind1=" " ind2=" ">
      <marc:subfield code="a">spa</marc:subfield>
    </marc:datafield>
    <marc:datafield tag="690" ind1=" " ind2=" ">
      <marc:subfield code="a">Crecimiento urbano</marc:subfield>
    </marc:datafield>
    <marc:datafield tag="690" ind1=" " ind2=" ">
      <marc:subfield code="a">Habitabilidad</marc:subfield>
    </marc:datafield>
    <marc:datafield tag="690" ind1=" " ind2=" ">
      <marc:subfield code="a">Espacio público</marc:subfield>
    </marc:datafield>
    <marc:datafield tag="690" ind1=" " ind2=" ">
      <marc:subfield code="a">Herramientas de valoración</marc:subfield>
    </marc:datafield>
    <marc:datafield tag="690" ind1=" " ind2=" ">
      <marc:subfield code="a">Sustentabilidad</marc:subfield>
    </marc:datafield>
    <marc:datafield tag="690" ind1=" " ind2=" ">
      <marc:subfield code="a">Urban growth</marc:subfield>
    </marc:datafield>
    <marc:datafield tag="690" ind1=" " ind2=" ">
      <marc:subfield code="a">Habitability</marc:subfield>
    </marc:datafield>
    <marc:datafield tag="690" ind1=" " ind2=" ">
      <marc:subfield code="a">Public space</marc:subfield>
    </marc:datafield>
    <marc:datafield tag="690" ind1=" " ind2=" ">
      <marc:subfield code="a">Assessment tolos</marc:subfield>
    </marc:datafield>
    <marc:datafield tag="690" ind1=" " ind2=" ">
      <marc:subfield code="a">Sustainability</marc:subfield>
    </marc:datafield>
    <marc:datafield tag="690" ind1=" " ind2=" ">
      <marc:subfield code="a">Espacio urbano</marc:subfield>
    </marc:datafield>
    <marc:datafield tag="690" ind1=" " ind2=" ">
      <marc:subfield code="a">Gestión</marc:subfield>
    </marc:datafield>
    <marc:datafield tag="690" ind1=" " ind2=" ">
      <marc:subfield code="a">Planificación</marc:subfield>
    </marc:datafield>
    <marc:datafield tag="690" ind1=" " ind2=" ">
      <marc:subfield code="a">Desarrollo urbano</marc:subfield>
    </marc:datafield>
    <marc:datafield tag="690" ind1=" " ind2=" ">
      <marc:subfield code="a">Ciudades</marc:subfield>
    </marc:datafield>
    <marc:datafield tag="690" ind1=" " ind2=" ">
      <marc:subfield code="a">Hábitat</marc:subfield>
    </marc:datafield>
    <marc:datafield tag="690" ind1=" " ind2=" ">
      <marc:subfield code="a">Desarrollo sustentable</marc:subfield>
    </marc:datafield>
    <marc:datafield tag="690" ind1=" " ind2=" ">
      <marc:subfield code="a">Metodologías</marc:subfield>
    </marc:datafield>
    <marc:datafield tag="690" ind1=" " ind2=" ">
      <marc:subfield code="a">Urbanismo</marc:subfield>
    </marc:datafield>
    <marc:datafield tag="655" ind1="7" ind2=" ">
      <marc:subfield code="a">info:eu-repo/semantics/doctoralThesis</marc:subfield>
      <marc:subfield code="2">local</marc:subfield>
    </marc:datafield>
    <marc:datafield tag="655" ind1="7" ind2=" ">
      <marc:subfield code="a">info:ar-repo/semantics/tesis doctoral</marc:subfield>
      <marc:subfield code="2">local</marc:subfield>
    </marc:datafield>
    <marc:datafield tag="655" ind1="7" ind2=" ">
      <marc:subfield code="a">info:eu-repo/semantics/acceptedVersion</marc:subfield>
      <marc:subfield code="2">local</marc:subfield>
    </marc:datafield>
    <marc:datafield tag="100" ind1="1" ind2="0">
      <marc:subfield code="a">Schiller, Silvia de</marc:subfield>
      <marc:subfield code="e">contributor</marc:subfield>
    </marc:datafield>
    <marc:datafield tag="100" ind1="1" ind2="0">
      <marc:subfield code="a">San Juan, Gustavo</marc:subfield>
      <marc:subfield code="e">contributor</marc:subfield>
    </marc:datafield>
    <marc:datafield tag="100" ind1="1" ind2="0">
      <marc:subfield code="a">Di Virgilio, Mercedes</marc:subfield>
      <marc:subfield code="e">contributor</marc:subfield>
    </marc:datafield>
    <marc:datafield tag="100" ind1="1" ind2="0">
      <marc:subfield code="a">Marengo, Cecilia</marc:subfield>
      <marc:subfield code="e">contributor</marc:subfield>
    </marc:datafield>
    <marc:datafield tag="856" ind1="4" ind2="1">
      <marc:subfield code="u">https://repositoriouba.sisbi.uba.ar/gsdl/collect/aaqtesis/index/assoc/HWA_6885.dir/6885.PDF</marc:subfield>
      <marc:subfield code="z">Connect to this object online.</marc:subfield>
    </marc:datafield>
  </marc:record>