
  <marc:record>
    <marc:leader>08862 am a  006493u     </marc:leader>
    <marc:datafield tag="042" ind1=" " ind2=" ">
      <marc:subfield code="a">dc</marc:subfield>
    </marc:datafield>
    <marc:datafield tag="100" ind1="1" ind2="0">
      <marc:subfield code="a">Romero Martínez, Israel</marc:subfield>
      <marc:subfield code="e">author</marc:subfield>
    </marc:datafield>
    <marc:datafield tag="245" ind1="0" ind2="0">
      <marc:subfield code="a">Conformación socio-territorial en las costas turísticas de Quintana Roo, México, 1974-2018 : incidencias de la dinámica económica local y global del turismo, en el deterioro socioambiental y la inequidad sociourbana</marc:subfield>
    </marc:datafield>
    <marc:datafield tag="246" ind1="3" ind2="3">
      <marc:subfield code="a">Socio-territorial conformation in the tourist coasts of Quintana Roo, Mexico, 1974-2018 : incidences of the local and global economic dynamics of tourism, in the socio-environmental degradation and socio-urban inequity</marc:subfield>
    </marc:datafield>
    <marc:datafield tag="260" ind1=" " ind2=" ">
      <marc:subfield code="b">Universidad de Buenos Aires. Facultad de Arquitectura, Diseño y Urbanismo, </marc:subfield>
      <marc:subfield code="c">2021-11-18.</marc:subfield>
    </marc:datafield>
    <marc:datafield tag="500" ind1=" " ind2=" ">
      <marc:subfield code="a">http://repositoriouba.sisbi.uba.ar/gsdl/cgi-bin/library.cgi?a=d&amp;c=aaqtesis&amp;cl=CL1&amp;d=HWA_6377</marc:subfield>
    </marc:datafield>
    <marc:datafield tag="520" ind1=" " ind2=" ">
      <marc:subfield code="a">This research exposes the process through which the tourist economic dynamics from 1974 to 2018, in the Cancun-Riviera Maya-Costa Maya corridor, in Quintana Roo, Mexico, on the management of the environment and urban land by the State, produce a type of orientation, occupation, exploitation and territorial conformation and specific urban system, proper for the reproduction of tourist capital, on the basis of the appropriation of urban and natural rent, whose negative effects are expressed in socio-urban inequality, severe socio-environmental impacts and uneven development between urban-tourist and rural municipalities.\nThis trend of environmental overexploitation, in the neoliberal context of the opening and expansion of markets and the global phenomenon of tourism, commodification of nature and culture, has repercussions in the medium and long-term impoverishment of the bioproductive and socio-productive capacity of the region , denies regional environmental qualities and opposes the monetary to the value of biocultural heritage, producing a territorial and urban pattern polarized between tourist areas, residential areas and areas whose urban condition is socially excluded and marginalized by public policies.\nThis same territorial system extends to rural areas, where poverty and the lack of social services and infrastructure, reflects the sense of the policies as a whole, promoted for the "Clean Industry" of Tourism, which privilege the coastal region, but focused on certain tourist circuits and certain agents. The historical framework emphasizes the socio-environmental and biocultural condition of Quintana Roo, whose territory was devoid of State intermediation due to its status as a rebel territory, which prevailed for 400 years until the twentieth century, with the arrival of the post-revolutionary Agrarian Reform to the Yucatan peninsula. The non-capitalist property of the predominant land in Quintana Roo for four centuries, yielded to the private property of the land and meant the propagation of commercial use values over any other type of social or natural use values, since the successive and numerous public investments for the implementation of Tourism in the north of the state. A theoretical axis of research is established on the basis of the urban land rent theory, based on Marx's agricultural land rent theory, as well as the concept of complex use value or useful agglomeration effects, which explain the processes of valorization, commodification, speculation, appropriation, use and exploitation of land and commodification of Nature, all of this after obtaining localized over-profits or rents, which are consummated in tourist-real estate productive processes privileged by the Mexican State in a very particular collusion with global hotel-real estate chains, that lead to a substantial transfer of social and natural value to private hands, which results in serious socio-environmental impacts and socio-urban inequity.</marc:subfield>
    </marc:datafield>
    <marc:datafield tag="520" ind1=" " ind2=" ">
      <marc:subfield code="a">Fil: Romero Martínez, Israel. Universidad de Buenos Aires. Facultad de Arquitectura, Diseño y Urbanismo. Buenos Aires, Argentina</marc:subfield>
    </marc:datafield>
    <marc:datafield tag="520" ind1=" " ind2=" ">
      <marc:subfield code="a">Esta investigación expone el proceso mediante el cual, la dinámica económica turística de 1974 a 2018, en el corredor Cancún-Riviera Maya-Costa Maya, en Quintana Roo, México, de la mano de la gestión del ambiente y del suelo urbano por parte del Estado, producen un tipo de orientación, ocupación, explotación y conformación territorial y sistema urbano específico, propio para la reproducción de los capitales turísticos, sobre la base de la apropiación de la renta urbana y natural, cuyos efectos negativos se expresan en inequidad sociourbana, severos impactos socioambientales y un dispar desarrollo entre los municipios urbanos-turísticos y rurales. \nEsta tendencia de sobreexplotación ambiental, en el contexto neoliberal de la apertura y expansión de mercados y el fenómeno global del turismo, mercantilización de la naturaleza y la cultura, repercute en el empobrecimiento a mediano y largo plazo de la capacidad bioproductiva y socioproductiva de la región, niega las cualidades ambientales regionales y opone al valor del patrimonio biocultural, un valor monetario, produciendo un patrón territorial y urbano polarizado entre las zonas turísticas, las zonas residenciales y la zonas cuya condición urbana es socialmente excluida y precarizada por las políticas públicas. Este mismo sistema territorial se extiende a las zonas rurales, donde la pobreza y la falta de servicios sociales e infraestructuras, refleja el sentido de las políticas en su conjunto, promovidas para la "Industria limpia" del Turismo, las cuales privilegian la región costera, pero se enfocan a ciertos circuitos turísticos y a ciertos agentes. El marco histórico hace énfasis en la condición socioambiental y biocultural de Quintana Roo, cuyo territorio estuvo desprovisto de la intermediación del Estado por su condición de territorio rebelde, que prevaleció por 400 años hasta ya bien entrado el siglo XX, con el arribo del reparto agrario posrevolucionario a la península. La propiedad no capitalista del suelo, predominante en Quintana Roo por cuatro centurias, cedió ante la propiedad privada del suelo y significó la propagación de valores de uso de tipo mercantil sobre cualquier otro tipo de valor de uso social o natural, a partir de las sucesivas y cuantiosas inversiones públicas para la implementación del Turismo en el norte del estado. Se establece un eje teórico de investigación sobre la base de la teoría de la renta del suelo urbano basada en la teoría de la tierra de Marx, así como en el concepto de valor de uso complejo o efectos útiles de aglomeración, que explican los procesos de valorización, mercantilización, especulación, apropiación, uso y explotación del suelo y mercantilización de la Naturaleza, todo ello tras la obtención de sobreganancias localizadas o rentas, que se consuman en procesos productivos turístico-inmobiliarios privilegiados por el Estado mexicano en un muy particular contubernio con cadenas hoteleras-inmobiliarias globales y que conducen a una muy importante transferencia de valor social y natural a manos privadas, cuyo desenlace resulta en graves impactos socioambientales e inequidad sociourbana.</marc:subfield>
    </marc:datafield>
    <marc:datafield tag="520" ind1=" " ind2=" ">
      <marc:subfield code="a">Doctor de la Universidad de Buenos Aires, Área Urbanismo</marc:subfield>
    </marc:datafield>
    <marc:datafield tag="540" ind1=" " ind2=" ">
      <marc:subfield code="a">info:eu-repo/semantics/openAccess</marc:subfield>
    </marc:datafield>
    <marc:datafield tag="540" ind1=" " ind2=" ">
      <marc:subfield code="a">https://creativecommons.org/licenses/by-nc-nd/2.5/ar/</marc:subfield>
    </marc:datafield>
    <marc:datafield tag="546" ind1=" " ind2=" ">
      <marc:subfield code="a">spa</marc:subfield>
    </marc:datafield>
    <marc:datafield tag="690" ind1=" " ind2=" ">
      <marc:subfield code="a">Conformación socio-territorial</marc:subfield>
    </marc:datafield>
    <marc:datafield tag="690" ind1=" " ind2=" ">
      <marc:subfield code="a">Turismo</marc:subfield>
    </marc:datafield>
    <marc:datafield tag="690" ind1=" " ind2=" ">
      <marc:subfield code="a">Renta urbana</marc:subfield>
    </marc:datafield>
    <marc:datafield tag="690" ind1=" " ind2=" ">
      <marc:subfield code="a">Deterioro socioambiental</marc:subfield>
    </marc:datafield>
    <marc:datafield tag="690" ind1=" " ind2=" ">
      <marc:subfield code="a">Inequidad sociourbana</marc:subfield>
    </marc:datafield>
    <marc:datafield tag="690" ind1=" " ind2=" ">
      <marc:subfield code="a">Socio-territorial conformation</marc:subfield>
    </marc:datafield>
    <marc:datafield tag="690" ind1=" " ind2=" ">
      <marc:subfield code="a">Urban land rent</marc:subfield>
    </marc:datafield>
    <marc:datafield tag="690" ind1=" " ind2=" ">
      <marc:subfield code="a">Urban inequity</marc:subfield>
    </marc:datafield>
    <marc:datafield tag="690" ind1=" " ind2=" ">
      <marc:subfield code="a">Socio-environmental degradation</marc:subfield>
    </marc:datafield>
    <marc:datafield tag="690" ind1=" " ind2=" ">
      <marc:subfield code="a">Tourism</marc:subfield>
    </marc:datafield>
    <marc:datafield tag="690" ind1=" " ind2=" ">
      <marc:subfield code="a">Suelo urbano</marc:subfield>
    </marc:datafield>
    <marc:datafield tag="690" ind1=" " ind2=" ">
      <marc:subfield code="a">Territorio</marc:subfield>
    </marc:datafield>
    <marc:datafield tag="690" ind1=" " ind2=" ">
      <marc:subfield code="a">Planificación</marc:subfield>
    </marc:datafield>
    <marc:datafield tag="690" ind1=" " ind2=" ">
      <marc:subfield code="a">Gestión</marc:subfield>
    </marc:datafield>
    <marc:datafield tag="690" ind1=" " ind2=" ">
      <marc:subfield code="a">Centros turísticos</marc:subfield>
    </marc:datafield>
    <marc:datafield tag="690" ind1=" " ind2=" ">
      <marc:subfield code="a">Impacto ambiental</marc:subfield>
    </marc:datafield>
    <marc:datafield tag="690" ind1=" " ind2=" ">
      <marc:subfield code="a">Medio ambiente</marc:subfield>
    </marc:datafield>
    <marc:datafield tag="690" ind1=" " ind2=" ">
      <marc:subfield code="a">Áreas costeras</marc:subfield>
    </marc:datafield>
    <marc:datafield tag="690" ind1=" " ind2=" ">
      <marc:subfield code="a">Desarrollo sustentable</marc:subfield>
    </marc:datafield>
    <marc:datafield tag="690" ind1=" " ind2=" ">
      <marc:subfield code="a">Economía</marc:subfield>
    </marc:datafield>
    <marc:datafield tag="690" ind1=" " ind2=" ">
      <marc:subfield code="a">Desarrollo</marc:subfield>
    </marc:datafield>
    <marc:datafield tag="690" ind1=" " ind2=" ">
      <marc:subfield code="a">Producción</marc:subfield>
    </marc:datafield>
    <marc:datafield tag="690" ind1=" " ind2=" ">
      <marc:subfield code="a">Riqueza</marc:subfield>
    </marc:datafield>
    <marc:datafield tag="690" ind1=" " ind2=" ">
      <marc:subfield code="a">Sociología urbana</marc:subfield>
    </marc:datafield>
    <marc:datafield tag="690" ind1=" " ind2=" ">
      <marc:subfield code="a">Urbanismo</marc:subfield>
    </marc:datafield>
    <marc:datafield tag="691" ind1=" " ind2=" ">
      <marc:subfield code="a">México</marc:subfield>
    </marc:datafield>
    <marc:datafield tag="691" ind1=" " ind2=" ">
      <marc:subfield code="a">Quintana Roo</marc:subfield>
    </marc:datafield>
    <marc:datafield tag="691" ind1=" " ind2=" ">
      <marc:subfield code="a">Riviera Maya</marc:subfield>
    </marc:datafield>
    <marc:datafield tag="691" ind1=" " ind2=" ">
      <marc:subfield code="a">Cancún</marc:subfield>
    </marc:datafield>
    <marc:datafield tag="691" ind1=" " ind2=" ">
      <marc:subfield code="a">1974- 2018</marc:subfield>
    </marc:datafield>
    <marc:datafield tag="655" ind1="7" ind2=" ">
      <marc:subfield code="a">info:eu-repo/semantics/doctoralThesis</marc:subfield>
      <marc:subfield code="2">local</marc:subfield>
    </marc:datafield>
    <marc:datafield tag="655" ind1="7" ind2=" ">
      <marc:subfield code="a">info:ar-repo/semantics/tesis doctoral</marc:subfield>
      <marc:subfield code="2">local</marc:subfield>
    </marc:datafield>
    <marc:datafield tag="655" ind1="7" ind2=" ">
      <marc:subfield code="a">info:eu-repo/semantics/acceptedVersion</marc:subfield>
      <marc:subfield code="2">local</marc:subfield>
    </marc:datafield>
    <marc:datafield tag="100" ind1="1" ind2="0">
      <marc:subfield code="a">Salas Espíndola, Hermilo</marc:subfield>
      <marc:subfield code="e">contributor</marc:subfield>
    </marc:datafield>
    <marc:datafield tag="100" ind1="1" ind2="0">
      <marc:subfield code="a">Fernández, Roberto</marc:subfield>
      <marc:subfield code="e">contributor</marc:subfield>
    </marc:datafield>
    <marc:datafield tag="100" ind1="1" ind2="0">
      <marc:subfield code="a">Schweitzer, Mariana</marc:subfield>
      <marc:subfield code="e">contributor</marc:subfield>
    </marc:datafield>
    <marc:datafield tag="100" ind1="1" ind2="0">
      <marc:subfield code="a">Murillo, Fernando</marc:subfield>
      <marc:subfield code="e">contributor</marc:subfield>
    </marc:datafield>
    <marc:datafield tag="100" ind1="1" ind2="0">
      <marc:subfield code="a">Dadon, José</marc:subfield>
      <marc:subfield code="e">contributor</marc:subfield>
    </marc:datafield>
    <marc:datafield tag="856" ind1="4" ind2="1">
      <marc:subfield code="u">https://repositoriouba.sisbi.uba.ar/gsdl/collect/aaqtesis/index/assoc/HWA_6377.dir/6377.PDF</marc:subfield>
      <marc:subfield code="z">Connect to this object online.</marc:subfield>
    </marc:datafield>
  </marc:record>