
  <marc:record>
    <marc:leader>09342 am a  006133u     </marc:leader>
    <marc:datafield tag="042" ind1=" " ind2=" ">
      <marc:subfield code="a">dc</marc:subfield>
    </marc:datafield>
    <marc:datafield tag="100" ind1="1" ind2="0">
      <marc:subfield code="a">Szejer, Silvia Mónica</marc:subfield>
      <marc:subfield code="e">author</marc:subfield>
    </marc:datafield>
    <marc:datafield tag="245" ind1="0" ind2="0">
      <marc:subfield code="a">Dimensión epistémica y dimensión institucional : saber y praxis proyectual : el caso de la Facultad de Arquitectura, Diseño y Urbanismo de la Universidad de Buenos Aires, 1947-1988</marc:subfield>
    </marc:datafield>
    <marc:datafield tag="246" ind1="3" ind2="3">
      <marc:subfield code="a">Epistemic dimension and institutional dimension : knowledge and project practice : the case of the Faculty of Architecture, Design and Urbanism of the University of Buenos Aires, 1947-1988</marc:subfield>
    </marc:datafield>
    <marc:datafield tag="260" ind1=" " ind2=" ">
      <marc:subfield code="b">Universidad de Buenos Aires. Facultad de Arquitectura, Diseño y Urbanismo, </marc:subfield>
      <marc:subfield code="c">2021-08-27.</marc:subfield>
    </marc:datafield>
    <marc:datafield tag="500" ind1=" " ind2=" ">
      <marc:subfield code="a">1947-1988</marc:subfield>
    </marc:datafield>
    <marc:datafield tag="500" ind1=" " ind2=" ">
      <marc:subfield code="a">http://repositoriouba.sisbi.uba.ar/gsdl/cgi-bin/library.cgi?a=d&amp;c=aaqtesis&amp;cl=CL1&amp;d=HWA_6727</marc:subfield>
    </marc:datafield>
    <marc:datafield tag="520" ind1=" " ind2=" ">
      <marc:subfield code="a">This doctoral thesis covers the institutional history of the FAU-FADU, UBA and its disciplines -Architecture, Designs and Urbanism-, during the period 1947- 1988. The institutional evolution is interpreted in the light of the different political, social and economic events that are part of the history of our country. At the same time, these disciplinary knowledges are placed in relation to the Regime of Knowledge dominant in Western culture, of which, with its particularities, Argentina is a part.\nWhen delving into the institutional history of the FAUFADU, UBA reveals the existence of an epistemic dimension that refers to the strategies around this disciplinary knowledge in its academic training objectives, in the offer of postgraduate studies, in the research programs that are carried out, and / or, in the search for new orientations, establishing the criteria of truth that give meaning to knowledge and project practice. This dimension is legitimized from the institutional dimension, which alludes to a series of regulations, ordinances and legal discourses, from where it is possible to construct closures and alterities in relation to other knowledge and between the disciplines that make up the FADU, UBA territory. The articulation of both evidence, when, why and under what circumstances certain theoretical proposals are assumed or others are left aside; how the disciplinary domains are specified and how the links with Society and the State are articulated, in a development that involves university authorities who become protagonists of the future of project disciplines at the UBA.\nThe social role as an institution of the State, the attributes instituted by laws and the functions that the University of Buenos Aires, and therefore the FADU, has as a university institution define its ability to institute discourses and differential practices for Architecture, Designs (the use of the term is generic) and Urbanism, while legitimizing the identity of its academic community. This singular condition, in turn, forces us to recognize that, as a singular case. For this reason, analyzing, researching and reflecting on the FAU-FADU, UBA institution implies revealing a particular historiography that ties to the development of project disciplines, personal and academic trajectories where the political positions of university actors are expressed, who in a situation of institutional power, define the necessary knowledge, the objectives of disciplinary training, practices and professional profiles.\nThe review of the past of the academic-institutional regime of the FAU-FADU, UBA reveals a tradition in the teaching and learning of project disciplines -the Project / Project Workshop- which expresses, in its different versions, the links that the university authorities imagined between, University and Society, between discipline and profession, between education and political praxis.\nFrom another point of view, knowing the academicinstitutional past is understanding those educational projects that constitute the heritage on which the current academic-institutional regime FADU, UBA is deployed. This legacy can be criticized, disapproved, but never ignored, since ultimately it is an instance from which to recover the always necessary tension between tradition and disciplinary innovation.</marc:subfield>
    </marc:datafield>
    <marc:datafield tag="520" ind1=" " ind2=" ">
      <marc:subfield code="a">Fil: Szejer, Silvia Mónica. Universidad de Buenos Aires. Facultad de Arquitectura, Diseño y Urbanismo. Buenos Aires, Argentina</marc:subfield>
    </marc:datafield>
    <marc:datafield tag="520" ind1=" " ind2=" ">
      <marc:subfield code="a">Esta tesis doctoral recorre la historia institucional de la FAU-FADU, UBA y sus disciplinas -Arquitectura, los Diseños y el Urbanismo-, durante el período 1947-1988. Este devenir es interpretado a la luz de los distintos sucesos políticos, sociales y económicos que son parte de la historia de nuestro país. A su vez, estos saberes disciplinares son puestos en relación con el Régimen del Saber dominante en la cultura occidental, del cual, con sus particularidades Argentina participa.\nLa historia institucional de la FAU-FADU, UBA revela la existencia de una dimensión epistémica que refiere a las estrategias en torno a estos saberes disciplinares en sus objetivos de formación académica, en la oferta de los estudios de posgrado, en los programas de investigación que se llevan adelante, y/o, en la búsqueda de nuevas orientaciones, estableciendo los criterios de verdad que dotan de sentido al saber y praxis proyectual. Esta dimensión se legitima a partir de la dimensión institucional, esta alude a una serie de normativas y discursos jurídicos, desde donde es posible construir clausuras y alteridades en relación con otros saberes y entre las disciplinas que conforman el territorio FADU, UBA. La articulación de ambas evidencia cuándo, porque? y bajo cuales circunstancias se asumen determinadas propuestas teóricas o, se dejan de lado otras; cómo se precisan los dominios disciplinares y cómo se articulan los vínculos con la Sociedad y el Estado, en un desarrollo que involucra a las autoridades universitarias que se constituyen en protagonistas del devenir de las disciplinas proyectuales en la UBA.\nEl rol social como institución del Estado, los atributos instituidos por leyes y las funciones que como institución universitaria tiene la Universidad de Buenos Aires, y por ende la FADU, definen su capacidad de instituir discursos y practicas diferenciales para la Arquitectura, los Diseños (el uso del término es genérico) y el Urbanismo, al tiempo que legitiman la identidad de su comunidad académica. Esta condición singular, obliga a reconocer que lo que se manifiesta siempre son particularidades. Por ello, analizar, investigar y reflexionar en torno a la institución FAU-FADU, UBA implica develar una historiografía particular que anuda al desarrollo de las disciplinas proyectuales, trayectorias personales y académicas que expresan las posiciones políticas de las autoridades universitarias, quienes definen los conocimientos necesarios, los objetivos de la formación disciplinar, las prácticas y los perfiles profesionales.\nLa revisión del pasado del régimen académico-institucional de la FAU-FADU, UBA muestra una tradición en la enseñanza y el aprendizaje de las disciplinas proyectuales -el Proyecto/Taller de Proyecto- que expresa, en sus diferentes versiones, las vinculaciones que las autoridades universitarias imaginaron entre, Universidad y Sociedad, entre disciplina y profesión, entre educación y praxis política.\nDesde otro punto de vista, conocer el pasado académico-institucional es comprender aquellos proyectos educativos que constituyen la herencia sobre la cual se despliega el actual régimen académico- institucional FADU, UBA. Este legado, puede ser criticado, reprobado, pero nunca ignorado, pues en definitiva se trata de una instancia a partir de la cual recuperar la siempre necesaria tensión entre la tradición y la innovación disciplinar.</marc:subfield>
    </marc:datafield>
    <marc:datafield tag="520" ind1=" " ind2=" ">
      <marc:subfield code="a">Doctora de la Universidad de Buenos Aires, Área Arquitectura</marc:subfield>
    </marc:datafield>
    <marc:datafield tag="540" ind1=" " ind2=" ">
      <marc:subfield code="a">info:eu-repo/semantics/openAccess</marc:subfield>
    </marc:datafield>
    <marc:datafield tag="540" ind1=" " ind2=" ">
      <marc:subfield code="a">https://creativecommons.org/licenses/by-nc-nd/2.5/ar/</marc:subfield>
    </marc:datafield>
    <marc:datafield tag="546" ind1=" " ind2=" ">
      <marc:subfield code="a">spa</marc:subfield>
    </marc:datafield>
    <marc:datafield tag="690" ind1=" " ind2=" ">
      <marc:subfield code="a">Dimensión epistémica</marc:subfield>
    </marc:datafield>
    <marc:datafield tag="690" ind1=" " ind2=" ">
      <marc:subfield code="a">Dimensión institucional</marc:subfield>
    </marc:datafield>
    <marc:datafield tag="690" ind1=" " ind2=" ">
      <marc:subfield code="a">Historia institucional</marc:subfield>
    </marc:datafield>
    <marc:datafield tag="690" ind1=" " ind2=" ">
      <marc:subfield code="a">Estado</marc:subfield>
    </marc:datafield>
    <marc:datafield tag="690" ind1=" " ind2=" ">
      <marc:subfield code="a">Política pública educativa</marc:subfield>
    </marc:datafield>
    <marc:datafield tag="690" ind1=" " ind2=" ">
      <marc:subfield code="a">Epistemic dimension</marc:subfield>
    </marc:datafield>
    <marc:datafield tag="690" ind1=" " ind2=" ">
      <marc:subfield code="a">Institutional dimension</marc:subfield>
    </marc:datafield>
    <marc:datafield tag="690" ind1=" " ind2=" ">
      <marc:subfield code="a">Institutional history</marc:subfield>
    </marc:datafield>
    <marc:datafield tag="690" ind1=" " ind2=" ">
      <marc:subfield code="a">State</marc:subfield>
    </marc:datafield>
    <marc:datafield tag="690" ind1=" " ind2=" ">
      <marc:subfield code="a">Educational public policy</marc:subfield>
    </marc:datafield>
    <marc:datafield tag="690" ind1=" " ind2=" ">
      <marc:subfield code="a">Investigación</marc:subfield>
    </marc:datafield>
    <marc:datafield tag="690" ind1=" " ind2=" ">
      <marc:subfield code="a">Universidades</marc:subfield>
    </marc:datafield>
    <marc:datafield tag="690" ind1=" " ind2=" ">
      <marc:subfield code="a">Gestión</marc:subfield>
    </marc:datafield>
    <marc:datafield tag="690" ind1=" " ind2=" ">
      <marc:subfield code="a">Estrategia</marc:subfield>
    </marc:datafield>
    <marc:datafield tag="690" ind1=" " ind2=" ">
      <marc:subfield code="a">Educación publica</marc:subfield>
    </marc:datafield>
    <marc:datafield tag="690" ind1=" " ind2=" ">
      <marc:subfield code="a">Educación superior</marc:subfield>
    </marc:datafield>
    <marc:datafield tag="690" ind1=" " ind2=" ">
      <marc:subfield code="a">Educación universitaria</marc:subfield>
    </marc:datafield>
    <marc:datafield tag="690" ind1=" " ind2=" ">
      <marc:subfield code="a">Formación profesional</marc:subfield>
    </marc:datafield>
    <marc:datafield tag="690" ind1=" " ind2=" ">
      <marc:subfield code="a">Diseño</marc:subfield>
    </marc:datafield>
    <marc:datafield tag="690" ind1=" " ind2=" ">
      <marc:subfield code="a">Conocimiento</marc:subfield>
    </marc:datafield>
    <marc:datafield tag="690" ind1=" " ind2=" ">
      <marc:subfield code="a">Identidad</marc:subfield>
    </marc:datafield>
    <marc:datafield tag="690" ind1=" " ind2=" ">
      <marc:subfield code="a">Historia</marc:subfield>
    </marc:datafield>
    <marc:datafield tag="690" ind1=" " ind2=" ">
      <marc:subfield code="a">Desarrollo</marc:subfield>
    </marc:datafield>
    <marc:datafield tag="690" ind1=" " ind2=" ">
      <marc:subfield code="a">Política educativa</marc:subfield>
    </marc:datafield>
    <marc:datafield tag="690" ind1=" " ind2=" ">
      <marc:subfield code="a">Instituciones</marc:subfield>
    </marc:datafield>
    <marc:datafield tag="690" ind1=" " ind2=" ">
      <marc:subfield code="a">Arquitectura</marc:subfield>
    </marc:datafield>
    <marc:datafield tag="655" ind1="7" ind2=" ">
      <marc:subfield code="a">info:eu-repo/semantics/doctoralThesis</marc:subfield>
      <marc:subfield code="2">local</marc:subfield>
    </marc:datafield>
    <marc:datafield tag="655" ind1="7" ind2=" ">
      <marc:subfield code="a">info:ar-repo/semantics/tesis doctoral</marc:subfield>
      <marc:subfield code="2">local</marc:subfield>
    </marc:datafield>
    <marc:datafield tag="655" ind1="7" ind2=" ">
      <marc:subfield code="a">info:eu-repo/semantics/acceptedVersion</marc:subfield>
      <marc:subfield code="2">local</marc:subfield>
    </marc:datafield>
    <marc:datafield tag="100" ind1="1" ind2="0">
      <marc:subfield code="a">Lucero González, Santiago</marc:subfield>
      <marc:subfield code="e">contributor</marc:subfield>
    </marc:datafield>
    <marc:datafield tag="100" ind1="1" ind2="0">
      <marc:subfield code="a">Maestripieri, Eduardo</marc:subfield>
      <marc:subfield code="e">contributor</marc:subfield>
    </marc:datafield>
    <marc:datafield tag="100" ind1="1" ind2="0">
      <marc:subfield code="a">Ledesma, María del Valle</marc:subfield>
      <marc:subfield code="e">contributor</marc:subfield>
    </marc:datafield>
    <marc:datafield tag="100" ind1="1" ind2="0">
      <marc:subfield code="a">Doberti, Roberto</marc:subfield>
      <marc:subfield code="e">contributor</marc:subfield>
    </marc:datafield>
    <marc:datafield tag="100" ind1="1" ind2="0">
      <marc:subfield code="a">Aliata, Fernando</marc:subfield>
      <marc:subfield code="e">contributor</marc:subfield>
    </marc:datafield>
    <marc:datafield tag="856" ind1="4" ind2="1">
      <marc:subfield code="u">https://repositoriouba.sisbi.uba.ar/gsdl/collect/aaqtesis/index/assoc/HWA_6727.dir/6727.PDF</marc:subfield>
      <marc:subfield code="z">Connect to this object online.</marc:subfield>
    </marc:datafield>
  </marc:record>