
  <marc:record>
    <marc:leader>05233 am a  004813u     </marc:leader>
    <marc:datafield tag="042" ind1=" " ind2=" ">
      <marc:subfield code="a">dc</marc:subfield>
    </marc:datafield>
    <marc:datafield tag="100" ind1="1" ind2="0">
      <marc:subfield code="a">Briend, Pedro A.</marc:subfield>
      <marc:subfield code="e">author</marc:subfield>
    </marc:datafield>
    <marc:datafield tag="245" ind1="0" ind2="0">
      <marc:subfield code="a">La relación con aquello que preexiste en obras de rehabilitación de Enric Miralles en contextos urbanos históricamente comprometidos</marc:subfield>
    </marc:datafield>
    <marc:datafield tag="246" ind1="3" ind2="3">
      <marc:subfield code="a">The relation to that which pre-exists in rehabilitation masterpieces of Enric Miralles in historically engaged urban contexts</marc:subfield>
    </marc:datafield>
    <marc:datafield tag="260" ind1=" " ind2=" ">
      <marc:subfield code="b">Universidad de Buenos Aires. Facultad de Arquitectura, Diseño y Urbanismo, </marc:subfield>
      <marc:subfield code="c">2019-12-11.</marc:subfield>
    </marc:datafield>
    <marc:datafield tag="500" ind1=" " ind2=" ">
      <marc:subfield code="a">http://repositoriouba.sisbi.uba.ar/gsdl/cgi-bin/library.cgi?a=d&amp;c=aaqtesis&amp;cl=CL1&amp;d=HWA_3831</marc:subfield>
    </marc:datafield>
    <marc:datafield tag="520" ind1=" " ind2=" ">
      <marc:subfield code="a">This thesis raises as a theme for research the relation with which pre exists in the rehabilitation of buildings by Enric Miralles in urban contexts historically compromised, considering as a starting point the descriptions of the emergent impressions of four of his works as precursor signs. Thus, it learns inquiring into the aspects of a conception, as a consequence of a different way of comprehending time, history and the architectural practice related to heritage, opposite to what is suggested within a conservation field, according to which the problem is more centered in a relation designed in terms of discontinuity and division. From that point onwards, it is proposed to finish establishing the relation with which pre exists in this type of contexts of the work, understanding the aspects which temporal proof and spatial reach constitute its expressive advent, eventually assesing its articulation in a definition. It is held, then, as a hypothesis, that this conception is that which, from the point of view of its temporality, in terms of the duration, will allow learning a relation with that which pre exists which is not understood as the interaction between new and old parts but as a continuous and indivisible part, understanding the aspects underpinning its origin, materialization, modes of relating work and articulation. Finally, the contribution to this notion is composed by a theoretical part, as a methodological way of approximation and practical aspects which serve to the project based range related to the conservation of the heritage.</marc:subfield>
    </marc:datafield>
    <marc:datafield tag="520" ind1=" " ind2=" ">
      <marc:subfield code="a">Fil: Briend, Pedro A. Universidad de Buenos Aires. Facultad de Arquitectura, Diseño y Urbanismo. Buenos Aires, Argentina</marc:subfield>
    </marc:datafield>
    <marc:datafield tag="520" ind1=" " ind2=" ">
      <marc:subfield code="a">La Tesis plantea como tema de investigación a la relación con lo que preexiste en la rehabilitación de edificios realizada por Enric Miralles en contextos urbanos históricamente comprometidos, partiendo de la descripción de las impresiones emergentes de cuatro de las obras del arquitecto como signos precursores. Así, ella aprehende indagando en los aspectos de una concepción, consecuencia de un modo diferente de comprender el tiempo, la historia y la práctica proyectual de la arquitectura vinculada al patrimonio, un modo contrario al que se plantea el ámbito de la conservación, para el cual el problema se centra más en un tipo de relación concebida en términos de discontinuidad y división. A partir de allí, se propone terminar de establecer la relación con aquello que preexiste en estos tipos de contextos de la obra del arquitecto, comprender los aspectos cuya constancia temporal y alcance espacial constituyan su devenir expresivo, evaluando finalmente su articulación en una definición. Se sostiene, entonces, como hipótesis que esta concepción es aquella que, desde la consideración de su temporalidad, en términos de duración, permitirá aprehender una relación con lo preexistente que no se concibe como la interacción entre partes nuevas y viejas sino como un todo continuo e indiviso, comprendiendo los aspectos a los que debe su origen, materialización, modos de relacionar la obra y articulación. Finalmente, se constituye el aporte teórico de esta noción, metodológico como forma de aproximación y práctico en los aspectos que sirven a lo proyectual vinculado a la conservación del patrimonio.</marc:subfield>
    </marc:datafield>
    <marc:datafield tag="520" ind1=" " ind2=" ">
      <marc:subfield code="a">Doctor de la Universidad de Buenos Aires, Área Arquitectura.</marc:subfield>
    </marc:datafield>
    <marc:datafield tag="540" ind1=" " ind2=" ">
      <marc:subfield code="a">info:eu-repo/semantics/openAccess</marc:subfield>
    </marc:datafield>
    <marc:datafield tag="540" ind1=" " ind2=" ">
      <marc:subfield code="a">https://creativecommons.org/licenses/by-nc-nd/2.5/ar/</marc:subfield>
    </marc:datafield>
    <marc:datafield tag="546" ind1=" " ind2=" ">
      <marc:subfield code="a">spa</marc:subfield>
    </marc:datafield>
    <marc:datafield tag="690" ind1=" " ind2=" ">
      <marc:subfield code="a">Enric Miralles</marc:subfield>
    </marc:datafield>
    <marc:datafield tag="690" ind1=" " ind2=" ">
      <marc:subfield code="a">Rehabilitación</marc:subfield>
    </marc:datafield>
    <marc:datafield tag="690" ind1=" " ind2=" ">
      <marc:subfield code="a">Relación</marc:subfield>
    </marc:datafield>
    <marc:datafield tag="690" ind1=" " ind2=" ">
      <marc:subfield code="a">Preexistencias</marc:subfield>
    </marc:datafield>
    <marc:datafield tag="690" ind1=" " ind2=" ">
      <marc:subfield code="a">Duración</marc:subfield>
    </marc:datafield>
    <marc:datafield tag="690" ind1=" " ind2=" ">
      <marc:subfield code="a">Rehabilitation</marc:subfield>
    </marc:datafield>
    <marc:datafield tag="690" ind1=" " ind2=" ">
      <marc:subfield code="a">Relation</marc:subfield>
    </marc:datafield>
    <marc:datafield tag="690" ind1=" " ind2=" ">
      <marc:subfield code="a">Pre-existence</marc:subfield>
    </marc:datafield>
    <marc:datafield tag="690" ind1=" " ind2=" ">
      <marc:subfield code="a">Duration</marc:subfield>
    </marc:datafield>
    <marc:datafield tag="690" ind1=" " ind2=" ">
      <marc:subfield code="a">Teoría</marc:subfield>
    </marc:datafield>
    <marc:datafield tag="690" ind1=" " ind2=" ">
      <marc:subfield code="a">Metodologías</marc:subfield>
    </marc:datafield>
    <marc:datafield tag="690" ind1=" " ind2=" ">
      <marc:subfield code="a">Diseño</marc:subfield>
    </marc:datafield>
    <marc:datafield tag="690" ind1=" " ind2=" ">
      <marc:subfield code="a">Intervenciones</marc:subfield>
    </marc:datafield>
    <marc:datafield tag="690" ind1=" " ind2=" ">
      <marc:subfield code="a">Municipalidades</marc:subfield>
    </marc:datafield>
    <marc:datafield tag="690" ind1=" " ind2=" ">
      <marc:subfield code="a">Arquitectos</marc:subfield>
    </marc:datafield>
    <marc:datafield tag="690" ind1=" " ind2=" ">
      <marc:subfield code="a">Arquitectura</marc:subfield>
    </marc:datafield>
    <marc:datafield tag="655" ind1="7" ind2=" ">
      <marc:subfield code="a">info:eu-repo/semantics/doctoralThesis</marc:subfield>
      <marc:subfield code="2">local</marc:subfield>
    </marc:datafield>
    <marc:datafield tag="655" ind1="7" ind2=" ">
      <marc:subfield code="a">info:ar-repo/semantics/tesis doctoral</marc:subfield>
      <marc:subfield code="2">local</marc:subfield>
    </marc:datafield>
    <marc:datafield tag="655" ind1="7" ind2=" ">
      <marc:subfield code="a">info:eu-repo/semantics/acceptedVersion</marc:subfield>
      <marc:subfield code="2">local</marc:subfield>
    </marc:datafield>
    <marc:datafield tag="100" ind1="1" ind2="0">
      <marc:subfield code="a">Lancelle, Anna</marc:subfield>
      <marc:subfield code="e">contributor</marc:subfield>
    </marc:datafield>
    <marc:datafield tag="100" ind1="1" ind2="0">
      <marc:subfield code="a">Sánchez Negrette, Ángela</marc:subfield>
      <marc:subfield code="e">contributor</marc:subfield>
    </marc:datafield>
    <marc:datafield tag="100" ind1="1" ind2="0">
      <marc:subfield code="a">Mirás, Marta</marc:subfield>
      <marc:subfield code="e">contributor</marc:subfield>
    </marc:datafield>
    <marc:datafield tag="100" ind1="1" ind2="0">
      <marc:subfield code="a">Maestripieri, Eduardo</marc:subfield>
      <marc:subfield code="e">contributor</marc:subfield>
    </marc:datafield>
    <marc:datafield tag="100" ind1="1" ind2="0">
      <marc:subfield code="a">Martín Iglesias, Rodrigo</marc:subfield>
      <marc:subfield code="e">contributor</marc:subfield>
    </marc:datafield>
    <marc:datafield tag="856" ind1="4" ind2="1">
      <marc:subfield code="u">https://repositoriouba.sisbi.uba.ar/gsdl/collect/aaqtesis/index/assoc/HWA_3831.dir/3831.PDF</marc:subfield>
      <marc:subfield code="z">Connect to this object online.</marc:subfield>
    </marc:datafield>
  </marc:record>