
  <marc:record>
    <marc:leader>08874 am a  006013u     </marc:leader>
    <marc:datafield tag="042" ind1=" " ind2=" ">
      <marc:subfield code="a">dc</marc:subfield>
    </marc:datafield>
    <marc:datafield tag="100" ind1="1" ind2="0">
      <marc:subfield code="a">Bozzola, Santiago</marc:subfield>
      <marc:subfield code="e">author</marc:subfield>
    </marc:datafield>
    <marc:datafield tag="245" ind1="0" ind2="0">
      <marc:subfield code="a">Articulaciones inclusivas : la utilización de la Investigación Proyectual para el diseño de articulaciones tendientes a mejorar las condiciones de inclusión urbana de barrios populares situados en áreas centrales</marc:subfield>
    </marc:datafield>
    <marc:datafield tag="246" ind1="3" ind2="3">
      <marc:subfield code="a">Inclusive articulations : the use of project research for the design of articulations aimed at improving the conditions of urban inclusion of popular neighborhoods located in central areas</marc:subfield>
    </marc:datafield>
    <marc:datafield tag="260" ind1=" " ind2=" ">
      <marc:subfield code="b">Universidad de Buenos Aires. Facultad de Arquitectura, Diseño y Urbanismo, </marc:subfield>
      <marc:subfield code="c">2015-04-10.</marc:subfield>
    </marc:datafield>
    <marc:datafield tag="500" ind1=" " ind2=" ">
      <marc:subfield code="a">http://repositoriouba.sisbi.uba.ar/gsdl/cgi-bin/library.cgi?a=d&amp;c=aaqtesis&amp;cl=CL1&amp;d=HWA_7070</marc:subfield>
    </marc:datafield>
    <marc:datafield tag="520" ind1=" " ind2=" ">
      <marc:subfield code="a">The work is organized in an initial body and 7 chapters. In the initial body, the theoretical framework of the research and its extension is established in a series of debates that we consider necessary to be exposed to contextualize the present study. Next, we enunciate the research question, the general objectives linked to the possible role of being assumed by the Project Research in this kind of works, and the specific objectives linked to the proposed analysis of the case study that we will address: Villa 21/24. In a similar way, the existence of a general hypothesis linked to the objectives of the same kind is distinguished here, followed by a derived hypothesis that specifies the scope of the first one and a group of specific hypotheses that contextualize the previous ones according to specific problems of the selected case study. This initial body ends with an estimate of the original contribution projected in this thesis.\nIn the first chapter we formulate an evaluation of the relevance in carrying out studies that involve topics addressed in the hypotheses raised, based on the compilation and analysis of the main regulations and plans linked to the popular habitat and analyzing consequences that can be extracted from them in relation to their issues. In this section, we approach the problems of Villa 21/24 from the compilation and analysis of regulations that have had it as their object.\nThe second chapter, "Inclusive Articulations", is dedicated to analyzing the general hypothesis from the development of the concept that gives its name to the chapter and the study of its scope and/or limits. The third chapter addresses again the hypotheses raised from the study of how the topics defined by them are manifested in the selected case. This analysis will also determine the establishment of a series of project guidelines for Villa 21/24 related to the specific hypotheses previously established.\nThe fourth chapter is dedicated to the development of the first part of the Project Research inquiring, through the proposal of three Inclusive Articulations, the possibilities of action of the Project in the specific case study. The fifth chapter focuses on the study of possible ways of expansion of the actions carried out in the previous chapter, focusing on the formation of a general strategy of (re) urbanization of the neighborhood.\nThese actions will find in the sixth chapter a proposal for realization in stages and a speculation referring to its scales of incumbency, which we will expose as a route from the neighborhood of Parque Patricios to the vicinity of the Riachuelo in the seventh chapter.\nFinally, the results, scope and possibilities of response of the different hypotheses raised are evaluated, as well as some of the consequences that arise from the use of Project Research in the contexts of doctoral theses in the Conclusions and final reflections. The work culminates with a series of Annexes that, based on different interviews conducted during the period 2011/2013, try to account for the various topics addressed.</marc:subfield>
    </marc:datafield>
    <marc:datafield tag="520" ind1=" " ind2=" ">
      <marc:subfield code="a">Fil: Bozzola, Santiago. Universidad de Buenos Aires. Facultad de Arquitectura, Diseño y Urbanismo. Buenos Aires, Argentina</marc:subfield>
    </marc:datafield>
    <marc:datafield tag="520" ind1=" " ind2=" ">
      <marc:subfield code="a">El trabajo se organiza en un cuerpo inicial y 7 capítulos. En el cuerpo inicial se establece el marco teórico de la investigación y su ampliación en una serie de debates que entendemos necesarios de ser expuestos para contextualizar el presente estudio. Seguidamente se enuncian la pregunta de investigación, los objetivos generales vinculados con el rol posible de ser asumido por la Investigación Proyectual en esta clase de trabajos, y los objetivos específicos vinculados con el propuesto análisis del caso de estudio que abordaremos: la Villa 21/24. \nDe forma similar, se distingue aquí la existencia de una hipótesis general vinculada a los objetivos de la misma clase, seguida de una hipótesis derivada que precisa el alcance de la primera y un grupo de hipótesis específicas que contextualizan las anteriores según problemáticas específicas del caso de estudio seleccionado. Este cuerpo finaliza con una estimación del aporte original proyectado en esta tesis.\nEn el capítulo 1 realizamos una primera evaluación de la pertinencia en la realización de estudios que involucren los temas abordados en las hipótesis planteadas, a partir de la recopilación y análisis de las principales normativas y planes vinculados al hábitat popular y analizando consecuencias que de estos pueden extraerse en relación a temas por ellas expuestos. En este apartado, nos acercamos a la problemática de la Villa 21/24 a partir de la recopilación y análisis de normativas que la han tenido como objeto.\nEl capítulo 2, "Articulaciones Inclusivas", se dedica a analizar la hipótesis general a partir del desarrollo del concepto que da nombre al capítulo y el estudio de sus alcances y/o límites. El capítulo 3 aborda nuevamente las hipótesis planteadas a partir del estudio de cómo los temas por ellas definidas se manifiestan en el caso de estudio seleccionado. Dicho estudio determinará, además, el establecimiento de una serie de lineamientos proyectuales para la Villa 21/24 emparentados con las hipótesis específicas anteriormente establecidas.\nEl capítulo 4 se dedica al desarrollo de la primera parte de la Investigación Proyectual indagando, por medio de la propuesta de 3 Articulaciones Inclusivas, las posibilidades de actuación del Proyecto en el caso de estudio específico. El capítulo 5 se aboca al estudio de posibles vías de expansión de las acciones realizadas en el capítulo anterior, con miras a la conformación de una estrategia general de (re) urbanización del barrio.\nEstas acciones encontrarán en el capítulo 6 una propuesta de realización en etapas y una especulación referida a sus escalas de incumbencia, que expondremos como un recorrido desde el barrio de Parque Patricios hasta las proximidades del Riachuelo en el capítulo 7.\nFinalmente, se evalúan los resultados, alcances y posibilidades de respuesta de las distintas hipótesis planteadas, y algunas de las consecuencias que se desprenden de la utilización de la Investigación Proyectual en contextos de tesis doctorales en las Conclusiones y reflexiones finales. El trabajo culmina con una serie de Anexos que, basados en distintas entrevistas realizadas durante el período 2011/2013, intentan dar cuenta de los diversos temas abordados.</marc:subfield>
    </marc:datafield>
    <marc:datafield tag="520" ind1=" " ind2=" ">
      <marc:subfield code="a">Doctor de la Universidad de Buenos Aires, Área Urbanismo</marc:subfield>
    </marc:datafield>
    <marc:datafield tag="540" ind1=" " ind2=" ">
      <marc:subfield code="a">info:eu-repo/semantics/openAccess</marc:subfield>
    </marc:datafield>
    <marc:datafield tag="540" ind1=" " ind2=" ">
      <marc:subfield code="a">https://creativecommons.org/licenses/by-nc-nd/2.5/ar/</marc:subfield>
    </marc:datafield>
    <marc:datafield tag="546" ind1=" " ind2=" ">
      <marc:subfield code="a">spa</marc:subfield>
    </marc:datafield>
    <marc:datafield tag="690" ind1=" " ind2=" ">
      <marc:subfield code="a">Articulaciones inclusivas</marc:subfield>
    </marc:datafield>
    <marc:datafield tag="690" ind1=" " ind2=" ">
      <marc:subfield code="a">Investigación proyectual</marc:subfield>
    </marc:datafield>
    <marc:datafield tag="690" ind1=" " ind2=" ">
      <marc:subfield code="a">Inclusión urbana</marc:subfield>
    </marc:datafield>
    <marc:datafield tag="690" ind1=" " ind2=" ">
      <marc:subfield code="a">Barrios populares</marc:subfield>
    </marc:datafield>
    <marc:datafield tag="690" ind1=" " ind2=" ">
      <marc:subfield code="a">Villa 21-24</marc:subfield>
    </marc:datafield>
    <marc:datafield tag="690" ind1=" " ind2=" ">
      <marc:subfield code="a">Inclusive articulations</marc:subfield>
    </marc:datafield>
    <marc:datafield tag="690" ind1=" " ind2=" ">
      <marc:subfield code="a">Project research</marc:subfield>
    </marc:datafield>
    <marc:datafield tag="690" ind1=" " ind2=" ">
      <marc:subfield code="a">Urban  inclusion</marc:subfield>
    </marc:datafield>
    <marc:datafield tag="690" ind1=" " ind2=" ">
      <marc:subfield code="a">Shanty towns</marc:subfield>
    </marc:datafield>
    <marc:datafield tag="690" ind1=" " ind2=" ">
      <marc:subfield code="a">Villa 21-24</marc:subfield>
    </marc:datafield>
    <marc:datafield tag="690" ind1=" " ind2=" ">
      <marc:subfield code="a">Investigación</marc:subfield>
    </marc:datafield>
    <marc:datafield tag="690" ind1=" " ind2=" ">
      <marc:subfield code="a">Villas de emergencia</marc:subfield>
    </marc:datafield>
    <marc:datafield tag="690" ind1=" " ind2=" ">
      <marc:subfield code="a">Asentamientos precarios</marc:subfield>
    </marc:datafield>
    <marc:datafield tag="690" ind1=" " ind2=" ">
      <marc:subfield code="a">Déficit habitacional</marc:subfield>
    </marc:datafield>
    <marc:datafield tag="690" ind1=" " ind2=" ">
      <marc:subfield code="a">Hábitat</marc:subfield>
    </marc:datafield>
    <marc:datafield tag="690" ind1=" " ind2=" ">
      <marc:subfield code="a">Vivienda</marc:subfield>
    </marc:datafield>
    <marc:datafield tag="690" ind1=" " ind2=" ">
      <marc:subfield code="a">Pobreza</marc:subfield>
    </marc:datafield>
    <marc:datafield tag="690" ind1=" " ind2=" ">
      <marc:subfield code="a">Marginalidad</marc:subfield>
    </marc:datafield>
    <marc:datafield tag="690" ind1=" " ind2=" ">
      <marc:subfield code="a">Infraestructura de servicios</marc:subfield>
    </marc:datafield>
    <marc:datafield tag="690" ind1=" " ind2=" ">
      <marc:subfield code="a">Estrategias</marc:subfield>
    </marc:datafield>
    <marc:datafield tag="690" ind1=" " ind2=" ">
      <marc:subfield code="a">Inclusion</marc:subfield>
    </marc:datafield>
    <marc:datafield tag="690" ind1=" " ind2=" ">
      <marc:subfield code="a">Calidad de vida</marc:subfield>
    </marc:datafield>
    <marc:datafield tag="690" ind1=" " ind2=" ">
      <marc:subfield code="a">Proyectos</marc:subfield>
    </marc:datafield>
    <marc:datafield tag="690" ind1=" " ind2=" ">
      <marc:subfield code="a">Urbanismo</marc:subfield>
    </marc:datafield>
    <marc:datafield tag="691" ind1=" " ind2=" ">
      <marc:subfield code="a">Ciudad de Buenos Aires</marc:subfield>
    </marc:datafield>
    <marc:datafield tag="691" ind1=" " ind2=" ">
      <marc:subfield code="a">Argentina</marc:subfield>
    </marc:datafield>
    <marc:datafield tag="655" ind1="7" ind2=" ">
      <marc:subfield code="a">info:eu-repo/semantics/doctoralThesis</marc:subfield>
      <marc:subfield code="2">local</marc:subfield>
    </marc:datafield>
    <marc:datafield tag="655" ind1="7" ind2=" ">
      <marc:subfield code="a">info:ar-repo/semantics/tesis doctoral</marc:subfield>
      <marc:subfield code="2">local</marc:subfield>
    </marc:datafield>
    <marc:datafield tag="655" ind1="7" ind2=" ">
      <marc:subfield code="a">info:eu-repo/semantics/acceptedVersion</marc:subfield>
      <marc:subfield code="2">local</marc:subfield>
    </marc:datafield>
    <marc:datafield tag="100" ind1="1" ind2="0">
      <marc:subfield code="a">Giordano, Liliana</marc:subfield>
      <marc:subfield code="e">contributor</marc:subfield>
    </marc:datafield>
    <marc:datafield tag="100" ind1="1" ind2="0">
      <marc:subfield code="a">Sarquis, Jorge</marc:subfield>
      <marc:subfield code="e">contributor</marc:subfield>
    </marc:datafield>
    <marc:datafield tag="100" ind1="1" ind2="0">
      <marc:subfield code="a">Giordano, Liliana</marc:subfield>
      <marc:subfield code="e">contributor</marc:subfield>
    </marc:datafield>
    <marc:datafield tag="100" ind1="1" ind2="0">
      <marc:subfield code="a">Moisset, Ines</marc:subfield>
      <marc:subfield code="e">contributor</marc:subfield>
    </marc:datafield>
    <marc:datafield tag="100" ind1="1" ind2="0">
      <marc:subfield code="a">Mastripieri, Eduardo</marc:subfield>
      <marc:subfield code="e">contributor</marc:subfield>
    </marc:datafield>
    <marc:datafield tag="856" ind1="4" ind2="1">
      <marc:subfield code="u">https://repositoriouba.sisbi.uba.ar/gsdl/collect/aaqtesis/index/assoc/HWA_7070.dir/7070.PDF</marc:subfield>
      <marc:subfield code="z">Connect to this object online.</marc:subfield>
    </marc:datafield>
  </marc:record>