
  <marc:record>
    <marc:leader>10264 am a  005413u     </marc:leader>
    <marc:datafield tag="042" ind1=" " ind2=" ">
      <marc:subfield code="a">dc</marc:subfield>
    </marc:datafield>
    <marc:datafield tag="100" ind1="1" ind2="0">
      <marc:subfield code="a">Motta, Jorge Martín</marc:subfield>
      <marc:subfield code="e">author</marc:subfield>
    </marc:datafield>
    <marc:datafield tag="245" ind1="0" ind2="0">
      <marc:subfield code="a">Proceso, participación, vivienda : procesos de participación de la población en situación de pobreza en el mejoramiento del hábitat y la vivienda : evaluación del Programa Federal de Mejoramiento de Viviendas "Mejor Vivir" en Chaco y Tucumán (2003-2011)</marc:subfield>
    </marc:datafield>
    <marc:datafield tag="246" ind1="3" ind2="3">
      <marc:subfield code="a">Process, participation, housing : processes of participation of the population in a situation of poverty in the improvement of habitat and housing : evaluation of the Federal Housing Improvement Program "Mejor Vivir" in Chaco and Tucumán (2003-2011)</marc:subfield>
    </marc:datafield>
    <marc:datafield tag="260" ind1=" " ind2=" ">
      <marc:subfield code="b">Universidad de Buenos Aires. Facultad de Arquitectura, Diseño y Urbanismo, </marc:subfield>
      <marc:subfield code="c">2017-05-26.</marc:subfield>
    </marc:datafield>
    <marc:datafield tag="500" ind1=" " ind2=" ">
      <marc:subfield code="a">2003-2011</marc:subfield>
    </marc:datafield>
    <marc:datafield tag="500" ind1=" " ind2=" ">
      <marc:subfield code="a">http://repositoriouba.sisbi.uba.ar/gsdl/cgi-bin/library.cgi?a=d&amp;c=aaqtesis&amp;cl=CL1&amp;d=HWA_7251</marc:subfield>
    </marc:datafield>
    <marc:datafield tag="520" ind1=" " ind2=" ">
      <marc:subfield code="a">The work develops an empirical study that aims to analyze and evaluate the implementation of the Federal Housing Improvement Program (PFMV) "Mejor Vivir" in the Northern region of Argentina, specifically in the provinces of Chaco and Tucumán, during the period 2003-2013.\nThe object of study focuses on the participation of the beneficiaries of housing improvement programs, while the analysis is centered around the role their participation plays in the resulting quality of the intervened housing and the level of satisfaction they express regarding their housing.\nThe main theoretical concepts guiding the research are participation, housing progressivity, and housing improvement, stemming from the field of housing studies but also drawing from contributions in urbanism, urban sociology, architecture, and social anthropology, among other disciplinary fields.\nParticipation is understood as a process involving the non-spontaneous association of different actors (with diverse interests) to achieve a specific objective, which implies cooperation and the sharing of power among them to fulfill that objective using limited resources. In the context of the research, participation is also a problem, and its analysis requires a complex approach: the goal is to identify and characterize different types and levels of participation involving the recipients of housing interventions from housing improvement programs and to assess how participation influences the outcomes of the PFMV interventions in Chaco and Tucumán during the specified period, specifically considering the quality of housing and the satisfaction of the recipients regarding these interventions.\nThe notion of housing progressivity refers to the construction of housing in stages over time, as the only means available to many families lacking savings to access a finished home or to build one within limited time frames. Progressivity is marked by the modifications the housing undergoes in the process of progressively improving the domestic habitat. It is recognized that this construction modality supports the social production of habitat and housing improvement as a variant of housing policies and can be a source of well-being for the recipients in relation to housing produced through their own efforts.\nThe link between these concepts results in the research hypothesis, which asserts that housing improvement programs carried out with the participation of the beneficiaries significantly enhance the satisfaction and quality of housing for urban populations living in precarious and impoverished conditions.\nThe development of the work is divided into three main parts. Firstly, the approach to the conceptual framework addresses the issue of popular habitat, housing progressivity, and the participation of beneficiaries in the process of improving their habitat. This section also analyzes the experience of urban, habitat and housing improvement programs in the Latin American and Argentine context. Secondly, the methodological framework of the research is discussed, where the main approaches and evaluation instruments are presented. Finally, the study of cases is approached, which delves into the Argentine experience of the Federal Housing Improvement Program (PFMV) "Mejor Vivir", particularly in its implementation in the provinces of Chaco and Tucumán.\nBased on the analysis and evaluation of the case study, reflections are developed on the practice of housing improvement and its impact on Latin American and Argentine housing policies. In this regard, the work proposes optimizations for the studied program and its better performance within the country's housing policy.</marc:subfield>
    </marc:datafield>
    <marc:datafield tag="520" ind1=" " ind2=" ">
      <marc:subfield code="a">Fil: Motta, Jorge Martín. Universidad de Buenos Aires. Facultad de Arquitectura, Diseño y Urbanismo. Buenos Aires, Argentina</marc:subfield>
    </marc:datafield>
    <marc:datafield tag="520" ind1=" " ind2=" ">
      <marc:subfield code="a">El trabajo desarrolla un estudio empírico que pretende analizar y evaluar la implementación del Programa Federal de Mejoramiento de Viviendas (PFMV) "Mejor Vivir" en el Norte argentino, específicamente en las provincias de Chaco y Tucumán, en el período 2003-2013. \nEl objeto de estudio del trabajo refiere a la participación de los destinatarios de programas de mejoramiento de sus viviendas, mientras que el foco del análisis está puesto en el rol que juega su participación en la resultante de la calidad de la vivienda intervenida y del nivel de satisfacción que estos manifiestan respecto a su vivienda. Los principales conceptos teóricos que orientan la investigación son los de participación, progresividad de la vivienda y mejoramiento habitacional, procedentes del campo de estudios de la vivienda, pero que también se han nutrido con los aportes del urbanismo, la sociología urbana, la arquitectura y la antropología social, entre otros campos disciplinarios. \nEntendemos a la participación como un proceso que involucra la asociación no espontánea de diferentes actores (con intereses diversos) para lograr un determinado objetivo y que implica la concertación y la cesión de poder entre los mismos para cumplir con dicho objetivo utilizando recursos limitados. En el contexto de la investigación la participación es también un problema, cuyo análisis implica un abordaje complejo: se busca identificar y caracterizar distintos tipos y niveles de participación que involucran a los destinatarios de viviendas intervenidas por programas de mejoramiento habitacional y evaluar cómo incide la participación en los resultados obtenidos con las intervenciones del PFMV en Chaco y Tucumán en el período señalado, teniendo en cuenta específicamente la calidad de la vivienda y la satisfacción de los destinatarios respecto a dichas intervenciones.\nLa noción de progresividad de la vivienda alude a la construcción de la vivienda por etapas a lo largo del tiempo, como único medio de que disponen muchas familias que carecen de ahorros para acceder a una vivienda terminada o para construirla en plazos acotados. La progresividad está marcada por las modificaciones que va teniendo la vivienda en el proceso de mejora progresiva del hábitat doméstico. Se reconoce que esta modalidad de construcción da sustento a la producción social del hábitat y al mejoramiento habitacional como una variante de las políticas de vivienda y puede constituir una fuente de estimulación del bienestar de los destinatarios en relación a la vivienda producida por esfuerzo propio. La vinculación de estos conceptos se traduce en hipótesis de la investigación, la cual sostiene que los programas de mejoramiento habitacional llevados a cabo con la participación de los destinatarios logran mejorar significativamente la satisfacción y la calidad de la vivienda de las poblaciones urbanas en situación de precariedad y pobreza.\nEl desarrollo del trabajo se plantea en tres partes principales. En primer lugar, el abordaje del marco conceptual da la problemática del hábitat popular, la progresividad de la vivienda y la participación de los destinatarios en el proceso de mejoramiento de su hábitat. Aquí también se analiza la experiencia de los programas de mejoramiento urbano, del hábitat y la vivienda en el contexto latinoamericano y argentino. En segundo lugar, el abordaje del marco metodológico de la investigación donde se plantean los principales enfoques e instrumentos de evaluación desarrollados. Finalmente, el abordaje del estudio de casos donde se analiza en profundidad la experiencia argentina del Programa Federal de Mejoramientos de Vivienda (PFMV) "Mejor Vivir" y, particularmente, en la implementación del mismo en las provincias de Chaco y Tucumán.\nA partir del análisis y la evaluación del caso de estudio se desarrollan reflexiones acerca de la práctica del mejoramiento de la vivienda y del impacto de la misma en la política habitacional latinoamericana y argentina. En este sentido, el trabajo desarrolla propuestas para la optimización del programa estudiado y el mejor desempeño del mismo en la política habitacional del país.</marc:subfield>
    </marc:datafield>
    <marc:datafield tag="520" ind1=" " ind2=" ">
      <marc:subfield code="a">Doctor de la Universidad de Buenos Aires, Área Urbanismo</marc:subfield>
    </marc:datafield>
    <marc:datafield tag="540" ind1=" " ind2=" ">
      <marc:subfield code="a">info:eu-repo/semantics/openAccess</marc:subfield>
    </marc:datafield>
    <marc:datafield tag="540" ind1=" " ind2=" ">
      <marc:subfield code="a">https://creativecommons.org/licenses/by-nc-nd/2.5/ar/</marc:subfield>
    </marc:datafield>
    <marc:datafield tag="546" ind1=" " ind2=" ">
      <marc:subfield code="a">spa</marc:subfield>
    </marc:datafield>
    <marc:datafield tag="690" ind1=" " ind2=" ">
      <marc:subfield code="a">Participación</marc:subfield>
    </marc:datafield>
    <marc:datafield tag="690" ind1=" " ind2=" ">
      <marc:subfield code="a">Vivienda</marc:subfield>
    </marc:datafield>
    <marc:datafield tag="690" ind1=" " ind2=" ">
      <marc:subfield code="a">Mejoramiento</marc:subfield>
    </marc:datafield>
    <marc:datafield tag="690" ind1=" " ind2=" ">
      <marc:subfield code="a">Proceso</marc:subfield>
    </marc:datafield>
    <marc:datafield tag="690" ind1=" " ind2=" ">
      <marc:subfield code="a">Mejor Vivir</marc:subfield>
    </marc:datafield>
    <marc:datafield tag="690" ind1=" " ind2=" ">
      <marc:subfield code="a">Participation</marc:subfield>
    </marc:datafield>
    <marc:datafield tag="690" ind1=" " ind2=" ">
      <marc:subfield code="a">Housing</marc:subfield>
    </marc:datafield>
    <marc:datafield tag="690" ind1=" " ind2=" ">
      <marc:subfield code="a">Upgrading</marc:subfield>
    </marc:datafield>
    <marc:datafield tag="690" ind1=" " ind2=" ">
      <marc:subfield code="a">Process</marc:subfield>
    </marc:datafield>
    <marc:datafield tag="690" ind1=" " ind2=" ">
      <marc:subfield code="a">Mejor Vivir</marc:subfield>
    </marc:datafield>
    <marc:datafield tag="690" ind1=" " ind2=" ">
      <marc:subfield code="a">Investigación</marc:subfield>
    </marc:datafield>
    <marc:datafield tag="690" ind1=" " ind2=" ">
      <marc:subfield code="a">Calidad de vida</marc:subfield>
    </marc:datafield>
    <marc:datafield tag="690" ind1=" " ind2=" ">
      <marc:subfield code="a">Mantenimiento</marc:subfield>
    </marc:datafield>
    <marc:datafield tag="690" ind1=" " ind2=" ">
      <marc:subfield code="a">Hábitat</marc:subfield>
    </marc:datafield>
    <marc:datafield tag="690" ind1=" " ind2=" ">
      <marc:subfield code="a">Pobreza</marc:subfield>
    </marc:datafield>
    <marc:datafield tag="690" ind1=" " ind2=" ">
      <marc:subfield code="a">Viviendas populares</marc:subfield>
    </marc:datafield>
    <marc:datafield tag="690" ind1=" " ind2=" ">
      <marc:subfield code="a">Urbanismo</marc:subfield>
    </marc:datafield>
    <marc:datafield tag="691" ind1=" " ind2=" ">
      <marc:subfield code="a">Argentina</marc:subfield>
    </marc:datafield>
    <marc:datafield tag="691" ind1=" " ind2=" ">
      <marc:subfield code="a">Chaco</marc:subfield>
    </marc:datafield>
    <marc:datafield tag="691" ind1=" " ind2=" ">
      <marc:subfield code="a">Tucumán</marc:subfield>
    </marc:datafield>
    <marc:datafield tag="655" ind1="7" ind2=" ">
      <marc:subfield code="a">info:eu-repo/semantics/doctoralThesis</marc:subfield>
      <marc:subfield code="2">local</marc:subfield>
    </marc:datafield>
    <marc:datafield tag="655" ind1="7" ind2=" ">
      <marc:subfield code="a">info:ar-repo/semantics/tesis doctoral</marc:subfield>
      <marc:subfield code="2">local</marc:subfield>
    </marc:datafield>
    <marc:datafield tag="655" ind1="7" ind2=" ">
      <marc:subfield code="a">info:eu-repo/semantics/acceptedVersion</marc:subfield>
      <marc:subfield code="2">local</marc:subfield>
    </marc:datafield>
    <marc:datafield tag="100" ind1="1" ind2="0">
      <marc:subfield code="a">Pelli, Víctor Saúl</marc:subfield>
      <marc:subfield code="e">contributor</marc:subfield>
    </marc:datafield>
    <marc:datafield tag="100" ind1="1" ind2="0">
      <marc:subfield code="a">Cuenya, Beatriz</marc:subfield>
      <marc:subfield code="e">contributor</marc:subfield>
    </marc:datafield>
    <marc:datafield tag="100" ind1="1" ind2="0">
      <marc:subfield code="a">Cohen, Michel</marc:subfield>
      <marc:subfield code="e">contributor</marc:subfield>
    </marc:datafield>
    <marc:datafield tag="100" ind1="1" ind2="0">
      <marc:subfield code="a">Sanmiguel, Damián</marc:subfield>
      <marc:subfield code="e">contributor</marc:subfield>
    </marc:datafield>
    <marc:datafield tag="100" ind1="1" ind2="0">
      <marc:subfield code="a">Clemente, Adriana</marc:subfield>
      <marc:subfield code="e">contributor</marc:subfield>
    </marc:datafield>
    <marc:datafield tag="856" ind1="4" ind2="1">
      <marc:subfield code="u">https://repositoriouba.sisbi.uba.ar/gsdl/collect/aaqtesis/index/assoc/HWA_7251.dir/7251.PDF</marc:subfield>
      <marc:subfield code="z">Connect to this object online.</marc:subfield>
    </marc:datafield>
  </marc:record>