
  <marc:record>
    <marc:leader>05874 am a  005173u     </marc:leader>
    <marc:datafield tag="042" ind1=" " ind2=" ">
      <marc:subfield code="a">dc</marc:subfield>
    </marc:datafield>
    <marc:datafield tag="100" ind1="1" ind2="0">
      <marc:subfield code="a">López, Mabel Amanda</marc:subfield>
      <marc:subfield code="e">author</marc:subfield>
    </marc:datafield>
    <marc:datafield tag="245" ind1="0" ind2="0">
      <marc:subfield code="a">Lo visible y lo enunciable : texto verbal e imagen, lenguajes del Diseño Gráfico</marc:subfield>
    </marc:datafield>
    <marc:datafield tag="246" ind1="3" ind2="3">
      <marc:subfield code="a">The visible and the declarable : verbal text and image, languages of Graphic Design</marc:subfield>
    </marc:datafield>
    <marc:datafield tag="260" ind1=" " ind2=" ">
      <marc:subfield code="b">Universidad de Buenos Aires. Facultad de Arquitectura, Diseño y Urbanismo, </marc:subfield>
      <marc:subfield code="c">2012-06-01.</marc:subfield>
    </marc:datafield>
    <marc:datafield tag="500" ind1=" " ind2=" ">
      <marc:subfield code="a">2012</marc:subfield>
    </marc:datafield>
    <marc:datafield tag="500" ind1=" " ind2=" ">
      <marc:subfield code="a">http://repositoriouba.sisbi.uba.ar/gsdl/cgi-bin/library.cgi?a=d&amp;c=aaqtesis&amp;cl=CL1&amp;d=HWA_5687</marc:subfield>
    </marc:datafield>
    <marc:datafield tag="520" ind1=" " ind2=" ">
      <marc:subfield code="a">This research is inspired by the symbolic world of practice and teaching of the project; analyzes the dialogue of the different voices and languages, where the logical and the analog are syncretized, the languages are combined and enhanced. The thesis proposes, using methodological tools of discourse analysis, to find traces of social relations in the interaction between teachers and students, which delimit and reproduce cultural frameworks that constitute these practices. What does the word contribute to the teaching of design?, was the initial question of this work. We recognize that verbal mediation is essential for the development of didactic instances: exposition, work instructions, colloquia, project criticism. However, the imposition of one language on another is not insignificant, since the word never exhausts the latent senses of graphic language.\nThe thesis consists of four chapters. The first exposes the subject: dialogue, the enunciable in relation to the visible; the second focuses on methodological aspects. Chapter III is central in the application of operations on the corpus. \nThe thesis concludes with a chapter that does not present conclusions but deals with the possible projections of the theory. Far from being conclusive, it opens reflections on topics such as evaluation, student qualification, teacher training, which, although not analyzed in the thesis, are related issues. \nThe polyphonic structuring of the thesis, with the incorporation of other voices, analogical languages and other documentary sources does not want to disperse the line of argument from its nucleus. The different sign materials document and argue along with the verbal narrative. No part of the thesis works in isolation but symphonically with respect to the whole, which is its context and framework of interpretation.</marc:subfield>
    </marc:datafield>
    <marc:datafield tag="520" ind1=" " ind2=" ">
      <marc:subfield code="a">Fil: López, Mabel Amanda. Universidad de Buenos Aires. Facultad de Arquitectura, Diseño y Urbanismo. Buenos Aires, Argentina</marc:subfield>
    </marc:datafield>
    <marc:datafield tag="520" ind1=" " ind2=" ">
      <marc:subfield code="a">Esta investigación está inspirada en el mundo simbólico de la práctica y la enseñanza del proyecto; analiza el diálogo de las distintas voces y lenguajes, donde lo lógico y lo analógico se sincretizan, los lenguajes se combinan y potencian. La tesis se propone, mediante herramientas metodológicas del análisis del discurso, hallar huellas de relaciones sociales en la interacción entre docentes y estudiantes, que delimitan y reproducen marcos culturales constituyentes de esas prácticas. ¿Qué aporta la palabra a la enseñanza del diseño?, fue la pregunta inicial de este trabajo. Reconocemos que la mediación verbal es fundamental para el desarrollo de instancias didácticas: exposición, consignas de trabajo, coloquios, crítica de proyectos. Sin embargo, la imposición de un lenguaje sobre otro no es insignificante, ya que la palabra nunca agota los sentidos latentes del lenguaje gráfico.\nLa tesis consta de cuatro capítulos. El primero expone el tema: el diálogo, lo enunciable en relación con lo visible; el segundo se centra en los aspectos metodológicos. El capítulo III es central en la aplicación de operaciones sobre el corpus. \nLa tesis concluye con un capítulo que no expone conclusiones sino que aborda las proyecciones posibles de la teoría. Lejos de ser conclusivo, abre reflexiones sobre temáticas como la evaluación, la calificación de los estudiantes, la formación docente que, si bien no se analizan en la tesis, son cuestiones relacionadas. \nLa estructuración polifónica de la tesis, con la incorporación de otras voces, lenguajes analógicos y otras fuentes documentales no quiere dispersar la línea argumental de su núcleo. Los diferentes materiales sígnicos documentan y argumentan junto a la narración verbal. Ninguna parte de la tesis funciona de modo aislado sino sinfónicamente respecto de la totalidad, que es su contexto y marco de interpretación.</marc:subfield>
    </marc:datafield>
    <marc:datafield tag="520" ind1=" " ind2=" ">
      <marc:subfield code="a">Doctora de la Universidad de Buenos Aires, Área Diseño</marc:subfield>
    </marc:datafield>
    <marc:datafield tag="540" ind1=" " ind2=" ">
      <marc:subfield code="a">info:eu-repo/semantics/openAccess</marc:subfield>
    </marc:datafield>
    <marc:datafield tag="540" ind1=" " ind2=" ">
      <marc:subfield code="a">https://creativecommons.org/licenses/by-nc-nd/2.5/ar/</marc:subfield>
    </marc:datafield>
    <marc:datafield tag="546" ind1=" " ind2=" ">
      <marc:subfield code="a">spa</marc:subfield>
    </marc:datafield>
    <marc:datafield tag="690" ind1=" " ind2=" ">
      <marc:subfield code="a">Lenguajes</marc:subfield>
    </marc:datafield>
    <marc:datafield tag="690" ind1=" " ind2=" ">
      <marc:subfield code="a">Enseñanza del diseño gráfico</marc:subfield>
    </marc:datafield>
    <marc:datafield tag="690" ind1=" " ind2=" ">
      <marc:subfield code="a">Aula taller</marc:subfield>
    </marc:datafield>
    <marc:datafield tag="690" ind1=" " ind2=" ">
      <marc:subfield code="a">Interacciones verbales</marc:subfield>
    </marc:datafield>
    <marc:datafield tag="690" ind1=" " ind2=" ">
      <marc:subfield code="a">Estrategias discursivas</marc:subfield>
    </marc:datafield>
    <marc:datafield tag="690" ind1=" " ind2=" ">
      <marc:subfield code="a">Languages and ideology</marc:subfield>
    </marc:datafield>
    <marc:datafield tag="690" ind1=" " ind2=" ">
      <marc:subfield code="a">Teaching of graphic design</marc:subfield>
    </marc:datafield>
    <marc:datafield tag="690" ind1=" " ind2=" ">
      <marc:subfield code="a">Dialogue in the workshop</marc:subfield>
    </marc:datafield>
    <marc:datafield tag="690" ind1=" " ind2=" ">
      <marc:subfield code="a">Verbal interactions</marc:subfield>
    </marc:datafield>
    <marc:datafield tag="690" ind1=" " ind2=" ">
      <marc:subfield code="a">Discursive strategies</marc:subfield>
    </marc:datafield>
    <marc:datafield tag="690" ind1=" " ind2=" ">
      <marc:subfield code="a">Diseño gráfico</marc:subfield>
    </marc:datafield>
    <marc:datafield tag="690" ind1=" " ind2=" ">
      <marc:subfield code="a">Enseñanza</marc:subfield>
    </marc:datafield>
    <marc:datafield tag="690" ind1=" " ind2=" ">
      <marc:subfield code="a">Metodologías</marc:subfield>
    </marc:datafield>
    <marc:datafield tag="690" ind1=" " ind2=" ">
      <marc:subfield code="a">Investigación</marc:subfield>
    </marc:datafield>
    <marc:datafield tag="690" ind1=" " ind2=" ">
      <marc:subfield code="a">Lenguaje</marc:subfield>
    </marc:datafield>
    <marc:datafield tag="690" ind1=" " ind2=" ">
      <marc:subfield code="a">Pedagogía</marc:subfield>
    </marc:datafield>
    <marc:datafield tag="691" ind1=" " ind2=" ">
      <marc:subfield code="a">Década del 2010</marc:subfield>
    </marc:datafield>
    <marc:datafield tag="655" ind1="7" ind2=" ">
      <marc:subfield code="a">info:eu-repo/semantics/doctoralThesis</marc:subfield>
      <marc:subfield code="2">local</marc:subfield>
    </marc:datafield>
    <marc:datafield tag="655" ind1="7" ind2=" ">
      <marc:subfield code="a">info:ar-repo/semantics/tesis doctoral</marc:subfield>
      <marc:subfield code="2">local</marc:subfield>
    </marc:datafield>
    <marc:datafield tag="655" ind1="7" ind2=" ">
      <marc:subfield code="a">info:eu-repo/semantics/acceptedVersion</marc:subfield>
      <marc:subfield code="2">local</marc:subfield>
    </marc:datafield>
    <marc:datafield tag="100" ind1="1" ind2="0">
      <marc:subfield code="a">Magariños de Morentin, Juan Ángel</marc:subfield>
      <marc:subfield code="e">contributor</marc:subfield>
    </marc:datafield>
    <marc:datafield tag="100" ind1="1" ind2="0">
      <marc:subfield code="a">Ledesma, María</marc:subfield>
      <marc:subfield code="e">contributor</marc:subfield>
    </marc:datafield>
    <marc:datafield tag="100" ind1="1" ind2="0">
      <marc:subfield code="a">Zátonyi, Marta</marc:subfield>
      <marc:subfield code="e">contributor</marc:subfield>
    </marc:datafield>
    <marc:datafield tag="100" ind1="1" ind2="0">
      <marc:subfield code="a">Sarquis, Jorge</marc:subfield>
      <marc:subfield code="e">contributor</marc:subfield>
    </marc:datafield>
    <marc:datafield tag="100" ind1="1" ind2="0">
      <marc:subfield code="a">Russo, Eduardo</marc:subfield>
      <marc:subfield code="e">contributor</marc:subfield>
    </marc:datafield>
    <marc:datafield tag="100" ind1="1" ind2="0">
      <marc:subfield code="a">Leiro, Reinaldo</marc:subfield>
      <marc:subfield code="e">contributor</marc:subfield>
    </marc:datafield>
    <marc:datafield tag="856" ind1="4" ind2="1">
      <marc:subfield code="u">https://repositoriouba.sisbi.uba.ar/gsdl/collect/aaqtesis/index/assoc/HWA_5687.dir/5687.PDF</marc:subfield>
      <marc:subfield code="z">Connect to this object online.</marc:subfield>
    </marc:datafield>
  </marc:record>