
  <marc:record>
    <marc:leader>07832 am a  005173u     </marc:leader>
    <marc:datafield tag="042" ind1=" " ind2=" ">
      <marc:subfield code="a">dc</marc:subfield>
    </marc:datafield>
    <marc:datafield tag="100" ind1="1" ind2="0">
      <marc:subfield code="a">Speranza, Fernando M.</marc:subfield>
      <marc:subfield code="e">author</marc:subfield>
    </marc:datafield>
    <marc:datafield tag="245" ind1="0" ind2="0">
      <marc:subfield code="a">Las ciudades intermedias de la Provincia de Buenos Aires : la intermediación como potenciadora del desarrollo urbano y territorial</marc:subfield>
    </marc:datafield>
    <marc:datafield tag="246" ind1="3" ind2="3">
      <marc:subfield code="a">The intermediate cities of the Province of Buenos Aires : intermediation as an enhancer of urban and territorial development</marc:subfield>
    </marc:datafield>
    <marc:datafield tag="260" ind1=" " ind2=" ">
      <marc:subfield code="b">Universidad de Buenos Aires. Facultad de Arquitectura, Diseño y Urbanismo, </marc:subfield>
      <marc:subfield code="c">2018-11-02.</marc:subfield>
    </marc:datafield>
    <marc:datafield tag="500" ind1=" " ind2=" ">
      <marc:subfield code="a">http://repositoriouba.sisbi.uba.ar/gsdl/cgi-bin/library.cgi?a=d&amp;c=aaqtesis&amp;cl=CL1&amp;d=HWA_7112</marc:subfield>
    </marc:datafield>
    <marc:datafield tag="520" ind1=" " ind2=" ">
      <marc:subfield code="a">This Thesis presents an urban-project research in which the intermediate cities of the Province de Buenos Aires are studied from the notion of intermediation. The hundred cities of the province, founded in just one century and distributed throughout the territory, today experience problems both at a territorial scale (Provincia de Buenos Aires) and at a local scale (urban plan).\n\nIn this context, intermediation is an opportunity for these cities to define themselves as such and produce, with the other cities in the system, proactive linkages that retirees from the monocentric dependent as the only form of linkage.That is why, based on a multiscalar, multidimensional and multilayer methodology, this Thesis proposes to survey, know and represent both the intermediation territories of the intermediate cities of the Buenos Aires pampa, as well as the same component cities of the system, in both the characteristics that distinguish them from each other.\n\nLikewise, from the notion of intermediation, it is proposed to analyze, compare, evaluate and diagnose the territorial and urban problems of these cities and their potential opportunities for intervention by the actors involved (inhabitants, professionals and decision makers). To achieve this, the forms, processes, functions and urban structure that allow the construction of significant indicators for the understanding of the logics of intermediation of the territory and the production of a cut of intermediate cities to be analyzed were studied at the scale of the provincial territory. From a balanced scalogram of the equipment levels of each city, together with the demographic, economic and spatial data, two devices called "rhomboid graphs" were constructed that indicate the situation and hierarchy of each city analyzed within the system. Also, at the urban plant scale, the cities of the chosen section were mapped, interpreting how intermediation works on this scale, based on their plans and indicators.\n\nThe Study of Caso as a projectual verifier of these ways of doing and integrator of the knowledge built around what is investigated, based on an analysis and urban diagnosis of the city of Chivilcoy, promotes a projectual response to the detected problems produced from the notion of mediation studied, and shows the possible ways of proceeding in the face of the identified problem.\n\nThis Thesis proposes that the notion of intermediation is essential for intermediate cities in the province to self-define their regional systemic role, their urban identity and those projectual interventions that anticipate problems and enhance the quality of life of their inhabitants by applying criteria of sustainability, participation and planning.</marc:subfield>
    </marc:datafield>
    <marc:datafield tag="520" ind1=" " ind2=" ">
      <marc:subfield code="a">Fil: Speranza, Fernando M. Universidad de Buenos Aires. Facultad de Arquitectura, Diseño y Urbanismo. Buenos Aires, Argentina</marc:subfield>
    </marc:datafield>
    <marc:datafield tag="520" ind1=" " ind2=" ">
      <marc:subfield code="a">En esta Tesis se presenta una investigación urbanístico-proyectual en la cual se estudian las ciudades intermedias de la Provincia de Buenos Aires desde la noción de intermediación. Las cien ciudades de la provincia, fundadas en tan solo un siglo y distribuidas sobre todo el territorio, hoy experimentan problemas tanto a escala territorial (Provincia de Buenos Aires), como a escala local (de planta urbana). \nEn este contexto, la intermediación resulta una oportunidad para que estas ciudades se autodefinan como tales y produzcan, con las otras ciudades del sistema, vinculaciones proactivas que las retiren de la dependiente monocentria como única forma de vinculación. Es por ello que, a partir de una metodología multiescalar, multidimensional y multicapa, esta Tesis plantea relevar, conocer y representar tanto los territorios de intermediación de las Ciudades Intermedias de la pampa bonaerense, como así también, las mismas ciudades componentes del sistema, en tanto las características que las distingue a unas de otras.\n\nAsimismo, desde la noción de intermediación, se propone analizar, comparar, evaluar y diagnosticar los problemas territoriales y urbanos de estas ciudades y sus potenciales oportunidades de intervención por parte de los actores involucrados (habitantes, profesionales y decisores). Para ello, se estudiaron a escala del territorio provincial las formas, procesos, funciones y estructura urbana que permitan construir indicadores significativos para la comprensión de las lógicas de intermediación del territorio y la producción de un recorte de ciudades intermedias a analizar. A partir de un escalograma ponderado de los niveles de equipamiento de cada ciudad, junto a los datos demográficos, económicos y espaciales, se construyeron sendos dispositivos llamados ?grafos romboidales? que indican la situación y jerarquía de cada ciudad analizada dentro del sistema. A su vez, a escala de planta urbana, se mapearon las ciudades del recorte escogido, interpretando cómo funciona la intermediación en esta escala, a partir de sus planos e indicadores.\n\nEl estudio de casos como verificador proyectual de esos modos de hacer e integrador del conocimiento construido en torno a lo investigado, a partir de un análisis y diagnóstico urbanístico de la ciudad de Chivilcoy, promueve una respuesta proyectual a los problemas detectados producida desde la noción de intermediación estudiada, y que da cuenta de posibles modos de proceder ante la problemática identificada.\nEsta Tesis plantea que la noción de intermediación resulta fundamental para que las ciudades intermedias de la provincia puedan autodefinir su rol sistémico regional, su identidad urbana y aquellas intervenciones proyectuales que se adelanten a los problemas y potencien la calidad de vida de sus habitantes aplicando criterios de sustentabilidad, participación y planificación.</marc:subfield>
    </marc:datafield>
    <marc:datafield tag="520" ind1=" " ind2=" ">
      <marc:subfield code="a">Doctor de la Universidad de Buenos Aires, Área Urbanismo</marc:subfield>
    </marc:datafield>
    <marc:datafield tag="540" ind1=" " ind2=" ">
      <marc:subfield code="a">info:eu-repo/semantics/openAccess</marc:subfield>
    </marc:datafield>
    <marc:datafield tag="540" ind1=" " ind2=" ">
      <marc:subfield code="a">https://creativecommons.org/licenses/by-nc-nd/2.5/ar/</marc:subfield>
    </marc:datafield>
    <marc:datafield tag="546" ind1=" " ind2=" ">
      <marc:subfield code="a">spa</marc:subfield>
    </marc:datafield>
    <marc:datafield tag="690" ind1=" " ind2=" ">
      <marc:subfield code="a">Ciudades intermedias</marc:subfield>
    </marc:datafield>
    <marc:datafield tag="690" ind1=" " ind2=" ">
      <marc:subfield code="a">Grafos romboidales</marc:subfield>
    </marc:datafield>
    <marc:datafield tag="690" ind1=" " ind2=" ">
      <marc:subfield code="a">Intermediación</marc:subfield>
    </marc:datafield>
    <marc:datafield tag="690" ind1=" " ind2=" ">
      <marc:subfield code="a">Planta urbana</marc:subfield>
    </marc:datafield>
    <marc:datafield tag="690" ind1=" " ind2=" ">
      <marc:subfield code="a">Provincia de Buenos Aires</marc:subfield>
    </marc:datafield>
    <marc:datafield tag="690" ind1=" " ind2=" ">
      <marc:subfield code="a">Intermediate cities</marc:subfield>
    </marc:datafield>
    <marc:datafield tag="690" ind1=" " ind2=" ">
      <marc:subfield code="a">Rhomboid graphs</marc:subfield>
    </marc:datafield>
    <marc:datafield tag="690" ind1=" " ind2=" ">
      <marc:subfield code="a">Intermediation</marc:subfield>
    </marc:datafield>
    <marc:datafield tag="690" ind1=" " ind2=" ">
      <marc:subfield code="a">Urban plan</marc:subfield>
    </marc:datafield>
    <marc:datafield tag="690" ind1=" " ind2=" ">
      <marc:subfield code="a">Investigación</marc:subfield>
    </marc:datafield>
    <marc:datafield tag="690" ind1=" " ind2=" ">
      <marc:subfield code="a">Planificación territorial</marc:subfield>
    </marc:datafield>
    <marc:datafield tag="690" ind1=" " ind2=" ">
      <marc:subfield code="a">Proyectos</marc:subfield>
    </marc:datafield>
    <marc:datafield tag="690" ind1=" " ind2=" ">
      <marc:subfield code="a">Planificación urbana</marc:subfield>
    </marc:datafield>
    <marc:datafield tag="690" ind1=" " ind2=" ">
      <marc:subfield code="a">Crecimiento urbano</marc:subfield>
    </marc:datafield>
    <marc:datafield tag="690" ind1=" " ind2=" ">
      <marc:subfield code="a">Desarrollo urbano</marc:subfield>
    </marc:datafield>
    <marc:datafield tag="690" ind1=" " ind2=" ">
      <marc:subfield code="a">Urbanismo</marc:subfield>
    </marc:datafield>
    <marc:datafield tag="691" ind1=" " ind2=" ">
      <marc:subfield code="a">Argentina</marc:subfield>
    </marc:datafield>
    <marc:datafield tag="691" ind1=" " ind2=" ">
      <marc:subfield code="a">Chivilcoy</marc:subfield>
    </marc:datafield>
    <marc:datafield tag="655" ind1="7" ind2=" ">
      <marc:subfield code="a">info:eu-repo/semantics/doctoralThesis</marc:subfield>
      <marc:subfield code="2">local</marc:subfield>
    </marc:datafield>
    <marc:datafield tag="655" ind1="7" ind2=" ">
      <marc:subfield code="a">info:ar-repo/semantics/tesis doctoral</marc:subfield>
      <marc:subfield code="2">local</marc:subfield>
    </marc:datafield>
    <marc:datafield tag="655" ind1="7" ind2=" ">
      <marc:subfield code="a">info:eu-repo/semantics/acceptedVersion</marc:subfield>
      <marc:subfield code="2">local</marc:subfield>
    </marc:datafield>
    <marc:datafield tag="100" ind1="1" ind2="0">
      <marc:subfield code="a">Borthagaray, Juan M.</marc:subfield>
      <marc:subfield code="e">contributor</marc:subfield>
    </marc:datafield>
    <marc:datafield tag="100" ind1="1" ind2="0">
      <marc:subfield code="a">Arrese, Alvaro</marc:subfield>
      <marc:subfield code="e">contributor</marc:subfield>
    </marc:datafield>
    <marc:datafield tag="100" ind1="1" ind2="0">
      <marc:subfield code="a">Dadon, José R.</marc:subfield>
      <marc:subfield code="e">contributor</marc:subfield>
    </marc:datafield>
    <marc:datafield tag="100" ind1="1" ind2="0">
      <marc:subfield code="a">Gutman, Margarita</marc:subfield>
      <marc:subfield code="e">contributor</marc:subfield>
    </marc:datafield>
    <marc:datafield tag="100" ind1="1" ind2="0">
      <marc:subfield code="a">Barreto, Miguel Ángel</marc:subfield>
      <marc:subfield code="e">contributor</marc:subfield>
    </marc:datafield>
    <marc:datafield tag="100" ind1="1" ind2="0">
      <marc:subfield code="a">Del Río, Adolfo</marc:subfield>
      <marc:subfield code="e">contributor</marc:subfield>
    </marc:datafield>
    <marc:datafield tag="856" ind1="4" ind2="1">
      <marc:subfield code="u">https://repositoriouba.sisbi.uba.ar/gsdl/collect/aaqtesis/index/assoc/HWA_7112.dir/7112.PDF</marc:subfield>
      <marc:subfield code="z">Connect to this object online.</marc:subfield>
    </marc:datafield>
  </marc:record>