
  <marc:record>
    <marc:leader>04897 am a  004693u     </marc:leader>
    <marc:datafield tag="042" ind1=" " ind2=" ">
      <marc:subfield code="a">dc</marc:subfield>
    </marc:datafield>
    <marc:datafield tag="100" ind1="1" ind2="0">
      <marc:subfield code="a">Sanguinetti, Marco</marc:subfield>
      <marc:subfield code="e">author</marc:subfield>
    </marc:datafield>
    <marc:datafield tag="245" ind1="0" ind2="0">
      <marc:subfield code="a">Diseño de la dimensión sonora de los objetos : propuestas para la incorporación del sonido a la enseñanza de Diseño Industrial</marc:subfield>
    </marc:datafield>
    <marc:datafield tag="246" ind1="3" ind2="3">
      <marc:subfield code="a">Designing the sound dimension of objects : proposals to incorporate sound into industrial design teaching</marc:subfield>
    </marc:datafield>
    <marc:datafield tag="260" ind1=" " ind2=" ">
      <marc:subfield code="b">Universidad de Buenos Aires. Facultad de Arquitectura, Diseño y Urbanismo, </marc:subfield>
      <marc:subfield code="c">2020-09-18.</marc:subfield>
    </marc:datafield>
    <marc:datafield tag="500" ind1=" " ind2=" ">
      <marc:subfield code="a">http://repositoriouba.sisbi.uba.ar/gsdl/cgi-bin/library.cgi?a=d&amp;c=aaqtesis&amp;cl=CL1&amp;d=HWA_5078</marc:subfield>
    </marc:datafield>
    <marc:datafield tag="520" ind1=" " ind2=" ">
      <marc:subfield code="a">The purpose of this work is to provide both, conceptual and operational instruments, to encourage the incorporation of sound into the Industrial Design process, especially in the teaching of the discipline at the level of undergraduate education. These contributions imply in-depth work and at the same time an increase in disciplinary content. The thesis is framed in the area of Project knowledge and praxis under the format of construction thesis. Development of the topics discussed here, although applied to the field of Industrial Design, is nourished by established knowledge in disciplines related to design and sound, both from artistic and technical perspectives. Sound dimension is a concept created within this thesis. It refers to those attributes that generate sound in three-dimensional objects. Industrial Design teaching usually focuses on tactile and visual aspects. Other aspects related to smell, taste and sound appear relegated in a kind of perceptual undervaluation. \nThe thesis consists of four parts: First part: conceptual definition and foundation. Second part: contributions towards including the sound dimension. Third part: implementation. Fourth part: prospects for the introduction of sound in Industrial Design. An overview of the expectations on the possible impact of the use of the tools elaborated here in the sound culture in Industrial Design is outlined.</marc:subfield>
    </marc:datafield>
    <marc:datafield tag="520" ind1=" " ind2=" ">
      <marc:subfield code="a">Fil: Sanguinetti, Marco. Universidad de Buenos Aires. Facultad de Arquitectura, Diseño y Urbanismo, Buenos Aires, Argentina</marc:subfield>
    </marc:datafield>
    <marc:datafield tag="520" ind1=" " ind2=" ">
      <marc:subfield code="a">El sentido de este trabajo es proporcionar instrumentos, tanto conceptuales como operativos, para favorecer la incorporación de la variable sonora al proceso de Diseño Industrial, especialmente en la enseñanza de la disciplina en instancias de formación de grado. Dichos aportes implican una profundización y a la vez una expansión del campo disciplinar. La tesis se enmarca en el área del Conocimiento y praxis proyectual bajo el formato de tesis de construcción. El desarrollo de los temas aquí abordados, si bien aplican al campo del Diseño Industrial, se alimentan de saberes establecidos en disciplinas afines al diseño y al sonido, tanto desde una perspectiva artística, como técnica. El concepto dimensión sonora constituye una construcción de la tesis para referirse a los atributos que componen la variable sonora en los objetos tridimensionales. La enseñanza en Diseño Industrial en el nivel de grado se concentra principalmente en los aspectos táctiles y visuales. Mientras que el resto de otras variables relacionadas con el olfato, el gusto y la audición aparecen relegadas en una suerte de subestimación perceptual. \nLa tesis consta de cuatro partes: Primera parte: aclaraciones conceptuales y fundamentación. Segunda parte: aportes para la incorporación de la dimensión sonora. Tercera parte: puesta en práctica. Cuarta parte: prospectiva para el sonido en Diseño Industrial. También se aborda un panorama de la posible expectativa sobre el impacto de la implementación de los instrumentos aquí elaborados en la cultura sonora en Diseño Industrial.</marc:subfield>
    </marc:datafield>
    <marc:datafield tag="520" ind1=" " ind2=" ">
      <marc:subfield code="a">Doctor de la Universidad de Buenos Aires, Área Diseño</marc:subfield>
    </marc:datafield>
    <marc:datafield tag="540" ind1=" " ind2=" ">
      <marc:subfield code="a">info:eu-repo/semantics/openAccess</marc:subfield>
    </marc:datafield>
    <marc:datafield tag="540" ind1=" " ind2=" ">
      <marc:subfield code="a">https://creativecommons.org/licenses/by-nc-nd/2.5/ar/</marc:subfield>
    </marc:datafield>
    <marc:datafield tag="546" ind1=" " ind2=" ">
      <marc:subfield code="a">spa</marc:subfield>
    </marc:datafield>
    <marc:datafield tag="690" ind1=" " ind2=" ">
      <marc:subfield code="a">Diseño industrial</marc:subfield>
    </marc:datafield>
    <marc:datafield tag="690" ind1=" " ind2=" ">
      <marc:subfield code="a">Sonido</marc:subfield>
    </marc:datafield>
    <marc:datafield tag="690" ind1=" " ind2=" ">
      <marc:subfield code="a">Objetos</marc:subfield>
    </marc:datafield>
    <marc:datafield tag="690" ind1=" " ind2=" ">
      <marc:subfield code="a">Enseñanza</marc:subfield>
    </marc:datafield>
    <marc:datafield tag="690" ind1=" " ind2=" ">
      <marc:subfield code="a">Percepción</marc:subfield>
    </marc:datafield>
    <marc:datafield tag="690" ind1=" " ind2=" ">
      <marc:subfield code="a">Industrial design</marc:subfield>
    </marc:datafield>
    <marc:datafield tag="690" ind1=" " ind2=" ">
      <marc:subfield code="a">Sound</marc:subfield>
    </marc:datafield>
    <marc:datafield tag="690" ind1=" " ind2=" ">
      <marc:subfield code="a">Objects</marc:subfield>
    </marc:datafield>
    <marc:datafield tag="690" ind1=" " ind2=" ">
      <marc:subfield code="a">Teaching</marc:subfield>
    </marc:datafield>
    <marc:datafield tag="690" ind1=" " ind2=" ">
      <marc:subfield code="a">Perception</marc:subfield>
    </marc:datafield>
    <marc:datafield tag="690" ind1=" " ind2=" ">
      <marc:subfield code="a">Aprendizaje</marc:subfield>
    </marc:datafield>
    <marc:datafield tag="690" ind1=" " ind2=" ">
      <marc:subfield code="a">Metodologías</marc:subfield>
    </marc:datafield>
    <marc:datafield tag="690" ind1=" " ind2=" ">
      <marc:subfield code="a">Proceso de diseño</marc:subfield>
    </marc:datafield>
    <marc:datafield tag="690" ind1=" " ind2=" ">
      <marc:subfield code="a">Técnica</marc:subfield>
    </marc:datafield>
    <marc:datafield tag="690" ind1=" " ind2=" ">
      <marc:subfield code="a">Herramientas</marc:subfield>
    </marc:datafield>
    <marc:datafield tag="690" ind1=" " ind2=" ">
      <marc:subfield code="a">Pedagogía</marc:subfield>
    </marc:datafield>
    <marc:datafield tag="655" ind1="7" ind2=" ">
      <marc:subfield code="a">info:eu-repo/semantics/doctoralThesis</marc:subfield>
      <marc:subfield code="2">local</marc:subfield>
    </marc:datafield>
    <marc:datafield tag="655" ind1="7" ind2=" ">
      <marc:subfield code="a">info:ar-repo/semantics/tesis doctoral</marc:subfield>
      <marc:subfield code="2">local</marc:subfield>
    </marc:datafield>
    <marc:datafield tag="655" ind1="7" ind2=" ">
      <marc:subfield code="a">info:eu-repo/semantics/acceptedVersion</marc:subfield>
      <marc:subfield code="2">local</marc:subfield>
    </marc:datafield>
    <marc:datafield tag="100" ind1="1" ind2="0">
      <marc:subfield code="a">Muñoz, Patricia</marc:subfield>
      <marc:subfield code="e">contributor</marc:subfield>
    </marc:datafield>
    <marc:datafield tag="100" ind1="1" ind2="0">
      <marc:subfield code="a">Neumarkt, Alan</marc:subfield>
      <marc:subfield code="e">contributor</marc:subfield>
    </marc:datafield>
    <marc:datafield tag="100" ind1="1" ind2="0">
      <marc:subfield code="a">Costantini, Gustavo</marc:subfield>
      <marc:subfield code="e">contributor</marc:subfield>
    </marc:datafield>
    <marc:datafield tag="100" ind1="1" ind2="0">
      <marc:subfield code="a">Naso, Eduardo</marc:subfield>
      <marc:subfield code="e">contributor</marc:subfield>
    </marc:datafield>
    <marc:datafield tag="856" ind1="4" ind2="1">
      <marc:subfield code="u">https://repositoriouba.sisbi.uba.ar/gsdl/collect/aaqtesis/index/assoc/HWA_5078.dir/5078.PDF</marc:subfield>
      <marc:subfield code="z">Connect to this object online.</marc:subfield>
    </marc:datafield>
  </marc:record>