
  <marc:record>
    <marc:leader>07515 am a  004333u     </marc:leader>
    <marc:datafield tag="042" ind1=" " ind2=" ">
      <marc:subfield code="a">dc</marc:subfield>
    </marc:datafield>
    <marc:datafield tag="100" ind1="1" ind2="0">
      <marc:subfield code="a">Retamozo, Elizabeth</marc:subfield>
      <marc:subfield code="e">author</marc:subfield>
    </marc:datafield>
    <marc:datafield tag="245" ind1="0" ind2="0">
      <marc:subfield code="a">Estrategias para la disminución del impacto ambiental en los procesos de producción de indumentaria : una propuesta de modelo de interacción de los stakeholders del sector</marc:subfield>
    </marc:datafield>
    <marc:datafield tag="246" ind1="3" ind2="3">
      <marc:subfield code="a">Strategies to reduce the environmental impact of clothing production processes : a proposal for an interaction model for stakeholders in the sector</marc:subfield>
    </marc:datafield>
    <marc:datafield tag="260" ind1=" " ind2=" ">
      <marc:subfield code="b">Universidad de Buenos Aires. Facultad de Arquitectura, Diseño y Urbanismo, </marc:subfield>
      <marc:subfield code="c">2022-09-01.</marc:subfield>
    </marc:datafield>
    <marc:datafield tag="500" ind1=" " ind2=" ">
      <marc:subfield code="a">http://repositoriouba.sisbi.uba.ar/gsdl/cgi-bin/library.cgi?a=d&amp;c=aaqtesis&amp;cl=CL1&amp;d=HWA_6888</marc:subfield>
    </marc:datafield>
    <marc:datafield tag="520" ind1=" " ind2=" ">
      <marc:subfield code="a">The way in which the production of clothing is carried out has become a threat to the environment, due to its high harmful impact on natural resources and society. This industry is the second most polluting in the world, responsible for polluting the planet's waters and emitting a high amount of greenhouse gases. It is known that of the total number of textile fibers used, almost 60% derive from oil, that is, from a non-renewable resource. Regarding the social impacts in the sector, there are unhealthy and insecure working conditions and worker exploitation. The inequity is such that only between 1 and 2% of the total cost of the garment is the remuneration received by the person who made it.\nIn order to reduce the aforementioned impacts, this thesis aims to create an interaction model to collaborate with a sustainable clothing production through the articulation of the knowledge of the actions of the stakeholders (social actors involved in the process) and the analysis of strategies. that mitigate the environmental impact in the Mar del Plata industry. This contribution will allow companies to incorporate improvements that allow them to go to market with more efficient products. Achieving these sustainable production standards, in addition to contributing to reducing the environmental impact, will help position the Argentine industry in international production standards. To achieve this objective, we worked from the perspective of qualitative-quantitative inquiry, through primary and secondary sources.\nThe results obtained indicate that the frequent relationship index between stakeholders is positively correlated with the sustainability index. Based on these results, it can be assumed that if companies interact frequently with their stakeholders, it is likely that their sustainability index will increase, which implies an increase in the incorporation of sustainability strategies.\nThe old production logic is changing, due to multiple pressures from the consumer, the costs of raw materials and the growing need to reduce negative environmental and social impacts. For that, there are management strategies, some of which are developed in this thesis.\nThe company must be aware that the city in which it is inserted has social and environmental needs. Today there are companies that are certified in different types of processes and there are also companies that tend to a circular economy. Vertical communication is being left aside to give way to 360° communication with all stakeholders. Inevitably, perhaps more out of necessity than desire, sustainability is advancing as a new productive paradigm.</marc:subfield>
    </marc:datafield>
    <marc:datafield tag="520" ind1=" " ind2=" ">
      <marc:subfield code="a">Fil: Retamozo, Elizabeth. Universidad de Buenos Aires. Facultad de Arquitectura, Diseño y Urbanismo. Buenos Aires, Argentina</marc:subfield>
    </marc:datafield>
    <marc:datafield tag="520" ind1=" " ind2=" ">
      <marc:subfield code="a">La manera en la que se lleva a cabo la producción de indumentaria se ha convertido en una amenaza para el ambiente, por su alto impacto nocivo sobre los recursos naturales y la sociedad. Esta industria es la segunda más contaminante del mundo, responsable de contaminar las aguas del planeta y de emitir una alta cantidad de gases efecto invernadero. Se sabe que del total de las fibras textiles que se utilizan casi el 60% derivan del petróleo, es decir de un recurso no renovable. En cuanto a los impactos sociales en el sector, existen condiciones laborales de insalubridad e inseguridad y explotación del trabajador. La inequidad es tal, que solamente entre el 1 y el 2% del costo total de la prenda es la remuneración que recibe la persona que realizó la confección de la misma.\nCon la finalidad de disminuir los impactos antes mencionados ésta tesis tiene por objetivo realizar un modelo de interacción para colaborar con una producción de indumentaria sostenible mediante la articulación del conocimiento del accionar de los stakeholders (actores sociales comprometidos en el proceso) y el análisis de estrategias que mitiguen el impacto ambiental en la industria marplatense. Este aporte permitirá a las empresas incorporar mejoras que les permitan salir al mercado con productos más eficientes. Alcanzar estos estándares de producción sostenible, además de contribuir a la disminución del impacto ambiental, contribuirá a posicionar a la industria argentina en estándares internacionales de producción. Para lograr dicho objetivo se trabajó desde la visión de la indagación cuali-cuantitativa, a través de fuentes primarias y secundarias.\nLos resultados obtenidos indican que el índice de relación frecuente entre stakeholders está correlacionado positivamente con el índice de sostenibilidad. En base a estos resultados se puede suponer que si las empresas se relacionan de manera frecuente con sus stakeholders es probable que aumente el índice de sostenibilidad de las mismas, lo que implica un aumento en la incorporación de estrategias de sostenibilidad.\nLa lógica productiva antigua está cambiando, por múltiples presiones desde el consumidor, los costos de la materia prima y la creciente necesidad de disminuir los impactos negativos ambientales y sociales. Para eso, existen estrategias de gestión, algunas de las cuales se desarrollan en esta tesis. La empresa debe tomar conciencia de que la ciudad en la cual está inserta posee necesidades a nivel social y a nivel ambiental. Hoy existen empresas que se certifican en distintos tipos de procesos y también hay empresas que tienden a una economía circular. \nSe va dejando de lado la comunicación vertical para dar lugar a una comunicación 360° con todos los stakeholders. Inevitablemente, tal vez más por necesidad que por deseo, la sustentabilidad está avanzando como un nuevo paradigma productivo.</marc:subfield>
    </marc:datafield>
    <marc:datafield tag="520" ind1=" " ind2=" ">
      <marc:subfield code="a">Doctora de la Universidad de Buenos Aires, Área Diseño</marc:subfield>
    </marc:datafield>
    <marc:datafield tag="540" ind1=" " ind2=" ">
      <marc:subfield code="a">info:eu-repo/semantics/openAccess</marc:subfield>
    </marc:datafield>
    <marc:datafield tag="540" ind1=" " ind2=" ">
      <marc:subfield code="a">https://creativecommons.org/licenses/by-nc-nd/2.5/ar/</marc:subfield>
    </marc:datafield>
    <marc:datafield tag="546" ind1=" " ind2=" ">
      <marc:subfield code="a">spa</marc:subfield>
    </marc:datafield>
    <marc:datafield tag="690" ind1=" " ind2=" ">
      <marc:subfield code="a">Diseño</marc:subfield>
    </marc:datafield>
    <marc:datafield tag="690" ind1=" " ind2=" ">
      <marc:subfield code="a">Indumentaria</marc:subfield>
    </marc:datafield>
    <marc:datafield tag="690" ind1=" " ind2=" ">
      <marc:subfield code="a">Sostenible</marc:subfield>
    </marc:datafield>
    <marc:datafield tag="690" ind1=" " ind2=" ">
      <marc:subfield code="a">Stakeholders</marc:subfield>
    </marc:datafield>
    <marc:datafield tag="690" ind1=" " ind2=" ">
      <marc:subfield code="a">Producción</marc:subfield>
    </marc:datafield>
    <marc:datafield tag="690" ind1=" " ind2=" ">
      <marc:subfield code="a">Design</marc:subfield>
    </marc:datafield>
    <marc:datafield tag="690" ind1=" " ind2=" ">
      <marc:subfield code="a">Dress</marc:subfield>
    </marc:datafield>
    <marc:datafield tag="690" ind1=" " ind2=" ">
      <marc:subfield code="a">Sustainable</marc:subfield>
    </marc:datafield>
    <marc:datafield tag="690" ind1=" " ind2=" ">
      <marc:subfield code="a">Stakeholders</marc:subfield>
    </marc:datafield>
    <marc:datafield tag="690" ind1=" " ind2=" ">
      <marc:subfield code="a">Production</marc:subfield>
    </marc:datafield>
    <marc:datafield tag="690" ind1=" " ind2=" ">
      <marc:subfield code="a">Diseño de indumentaria</marc:subfield>
    </marc:datafield>
    <marc:datafield tag="690" ind1=" " ind2=" ">
      <marc:subfield code="a">Procesos textiles</marc:subfield>
    </marc:datafield>
    <marc:datafield tag="690" ind1=" " ind2=" ">
      <marc:subfield code="a">Desarrollo sustentable</marc:subfield>
    </marc:datafield>
    <marc:datafield tag="655" ind1="7" ind2=" ">
      <marc:subfield code="a">info:eu-repo/semantics/doctoralThesis</marc:subfield>
      <marc:subfield code="2">local</marc:subfield>
    </marc:datafield>
    <marc:datafield tag="655" ind1="7" ind2=" ">
      <marc:subfield code="a">info:ar-repo/semantics/tesis doctoral</marc:subfield>
      <marc:subfield code="2">local</marc:subfield>
    </marc:datafield>
    <marc:datafield tag="655" ind1="7" ind2=" ">
      <marc:subfield code="a">info:eu-repo/semantics/acceptedVersion</marc:subfield>
      <marc:subfield code="2">local</marc:subfield>
    </marc:datafield>
    <marc:datafield tag="100" ind1="1" ind2="0">
      <marc:subfield code="a">Bengoa, Guillermo</marc:subfield>
      <marc:subfield code="e">contributor</marc:subfield>
    </marc:datafield>
    <marc:datafield tag="100" ind1="1" ind2="0">
      <marc:subfield code="a">Correa, María Eugenia</marc:subfield>
      <marc:subfield code="e">contributor</marc:subfield>
    </marc:datafield>
    <marc:datafield tag="100" ind1="1" ind2="0">
      <marc:subfield code="a">Zulaica, María Laura</marc:subfield>
      <marc:subfield code="e">contributor</marc:subfield>
    </marc:datafield>
    <marc:datafield tag="100" ind1="1" ind2="0">
      <marc:subfield code="a">Ledesma, María del Valle</marc:subfield>
      <marc:subfield code="e">contributor</marc:subfield>
    </marc:datafield>
    <marc:datafield tag="856" ind1="4" ind2="1">
      <marc:subfield code="u">https://repositoriouba.sisbi.uba.ar/gsdl/collect/aaqtesis/index/assoc/HWA_6888.dir/6888.PDF</marc:subfield>
      <marc:subfield code="z">Connect to this object online.</marc:subfield>
    </marc:datafield>
  </marc:record>