
  <marc:record>
    <marc:leader>08233 am a  005293u     </marc:leader>
    <marc:datafield tag="042" ind1=" " ind2=" ">
      <marc:subfield code="a">dc</marc:subfield>
    </marc:datafield>
    <marc:datafield tag="100" ind1="1" ind2="0">
      <marc:subfield code="a">Redondo, María de los Ángeles</marc:subfield>
      <marc:subfield code="e">author</marc:subfield>
    </marc:datafield>
    <marc:datafield tag="245" ind1="0" ind2="0">
      <marc:subfield code="a">Relatos y retratos sobre el tocado andalusí en el Río de la Plata : entre el hablar hispánico y el habitar indumentario arábigo</marc:subfield>
    </marc:datafield>
    <marc:datafield tag="246" ind1="3" ind2="3">
      <marc:subfield code="a">Stories and portraits about the andalusian headdress in the Río de la Plata : between hispanic speaking and inhabiting arabic clothing</marc:subfield>
    </marc:datafield>
    <marc:datafield tag="260" ind1=" " ind2=" ">
      <marc:subfield code="b">Universidad de Buenos Aires. Facultad de Arquitectura, Diseño y Urbanismo, </marc:subfield>
      <marc:subfield code="c">2022-09-09.</marc:subfield>
    </marc:datafield>
    <marc:datafield tag="500" ind1=" " ind2=" ">
      <marc:subfield code="a">http://repositoriouba.sisbi.uba.ar/gsdl/cgi-bin/library.cgi?a=d&amp;c=aaqtesis&amp;cl=CL1&amp;d=HWA_7261</marc:subfield>
    </marc:datafield>
    <marc:datafield tag="520" ind1=" " ind2=" ">
      <marc:subfield code="a">This work is dedicated to the study of the use, consumption and recovery of the Andalusian headdress in the Río de la Plata, understanding it as a product of Latin-Arabic intercultural design, as a cultural continuation of Hispanic speaking and Arabic living, which is constituted as a differentiating component of the local female costume.\nDespite having an unquestionable validity as a distinctive symbol of certain sectors of Argentine society -after having been retaken and resinified during the 20th and 21st centuries- the study of this clothing has the most absolute indifference to part of the costume historians.\nIn this sense, our exploratory inquiries about the history of the local costume reveal an important thematic vacancy. Scholarly void that contrasts with the abundance of period documents that testify about its consumption and recovery.\nDisproportion that deserves a work that explores possible answers to the questions that this scenario raises, systematizing at the same time, the specific information available on the subject, especially taking into account the high degree of complexity and dispersion that it presents.\nLikewise, as the meaning assigned by the Dictionary of the Royal Spanish Academy to the Andalusian term does not allow its application as an artistic category detached from the "Arabic" or "Islamic", we pose as a question and starting premise of our work if it is possible to have a perception determined on a culture and a different one of the design products attributed to it.\nIf we take into account that, as Eco (1968) points out, the attribution of meanings that govern the design operation will vary according to the reading codes used, we then have that the local use of "Andalusian" clothing will be conditioned by the variation of the ways of perceiving or interpreting the "Arabic" or "Islamic" that the perceptions and discourses that refer to it has.\nBy extension, it is possible to suspect that this consumption and recovery as well as its identification or not, were conditioned by the variation in the ways of perceiving or interpreting the "Andalusian" by the portraits and stories that refer to it.\nTherefore, considering the prevailing historiographic silence, it is possible to infer the presence of some type of ideological incidence around the interpretation of the consumption and recovery of the Andalusian headdress in the Río de la Plata.\nThus, we assume as a hypothesis that what is proposed as the starting premise of our work is not possible because it does not seem possible to have a perception about Andalusian design objects independent of those about Arabs and Islam, as well as having a representation of both independent of Orientalism (Said, 1978). Much less presume that this does not affect the consumption, recovery, perception and interpretation of clothing identifiable as "Andalusian".</marc:subfield>
    </marc:datafield>
    <marc:datafield tag="520" ind1=" " ind2=" ">
      <marc:subfield code="a">Fil: Redondo, María de los Ángeles. Universidad de Buenos Aires. Facultad de Arquitectura, Diseño y Urbanismo. Buenos Aires, Argentina</marc:subfield>
    </marc:datafield>
    <marc:datafield tag="520" ind1=" " ind2=" ">
      <marc:subfield code="a">Este trabajo busca dar cuenta del uso, consumo y recuperación rioplatense del tocado andalusí, entendiendo a dicho indumento como un producto de diseño intercultural latino-arábigo, en tanto continuación cultural del hablar hispánico y el habitar arábigo en el Rio de la Plata, que logra constituirse como un componente diferenciador del traje femenino local.\nA pesar de poseer una incuestionable vigencia como símbolo distintivo de ciertos sectores de la sociedad argentina -tras haber sido retomado y resinificado durante el siglo XX y XXI- el estudio de este indumento continúa gozando, al día de hoy, de la más absoluta indiferencia por parte de los historiadores del traje.\nEn este sentido, cabe destacar que nuestras indagaciones exploratorias sobre la historia del traje en general y rioplatense en particular, revelan una importante vacancia temática. Vacío erudito que contrasta con la abundancia de documentos de época que dan testimonio acerca de su consumo y recuperación rioplatense.\nDesproporción que amerita, cuanto menos, dedicar un trabajo que busque ensayar posibles respuestas a los interrogantes que este escenario plantea, sistematizando al mismo tiempo, la información específica disponible sobre el tema habida cuenta del alto grado de complejidad y dispersión que ésta presenta.\nAsimismo, dado que el significado asignado por el Diccionario de la Real Academia Española al término andalusí no permite su aplicación como categoría artística desvinculada de lo "arábigo" o "islámico", planteamos como interrogante y premisa de partida de nuestro trabajo si es posible tener una percepción determinada sobre una cultura y otra diferente de los productos de diseño que se le atribuyen.\nSi tenemos en cuenta que, como señala Eco (1968), la atribución de significados que rigen la operación de diseño variará según los códigos de lectura empleados, tenemos que el uso local de indumentos "andalusíes" estará condicionado u orientado por la variación de los modos de percibir o de interpretar lo "arábigo" o "islámico" por parte de las percepciones y discursos que a él se refieren. \nPor extensión cabe sospechar, que dicho consumo y recuperación así como su identificación o no como tal, fueran o fuesen condicionados por la variación en los modos de percibir o de interpretar lo andalusí por parte de los retratos y relatos que a él se refieren u omiten. \nPor lo que, considerando el silencio historiográfico reinante, no sería desatinado inferir la presencia de algún tipo de incidencia ideológica en torno a la interpretación del consumo y recuperación rioplatense del tocado andalusí. \nEn consecuencia, asumimos como hipótesis que lo planteado como premisa de partida de nuestro trabajo no es posible pues no parece posible tener una percepción sobre los objetos de diseño andalusíes independiente de las que se tenga sobre los árabes y el Islam, así como tampoco el de tener una representación sobre ambos independiente del Orientalismo (Said, 1978). Mucho menos suponer que ello no incida en el consumo, recuperación, percepción e interpretación de los indumentos identificables como "andalusíes".</marc:subfield>
    </marc:datafield>
    <marc:datafield tag="520" ind1=" " ind2=" ">
      <marc:subfield code="a">Doctora de la Universidad de Buenos Aires, Área Diseño</marc:subfield>
    </marc:datafield>
    <marc:datafield tag="540" ind1=" " ind2=" ">
      <marc:subfield code="a">info:eu-repo/semantics/openAccess</marc:subfield>
    </marc:datafield>
    <marc:datafield tag="540" ind1=" " ind2=" ">
      <marc:subfield code="a">https://creativecommons.org/licenses/by-nc-nd/2.5/ar/</marc:subfield>
    </marc:datafield>
    <marc:datafield tag="546" ind1=" " ind2=" ">
      <marc:subfield code="a">spa</marc:subfield>
    </marc:datafield>
    <marc:datafield tag="690" ind1=" " ind2=" ">
      <marc:subfield code="a">Tocado andalusí</marc:subfield>
    </marc:datafield>
    <marc:datafield tag="690" ind1=" " ind2=" ">
      <marc:subfield code="a">Río de la Plata</marc:subfield>
    </marc:datafield>
    <marc:datafield tag="690" ind1=" " ind2=" ">
      <marc:subfield code="a">Habitar indumentario</marc:subfield>
    </marc:datafield>
    <marc:datafield tag="690" ind1=" " ind2=" ">
      <marc:subfield code="a">Arabismos</marc:subfield>
    </marc:datafield>
    <marc:datafield tag="690" ind1=" " ind2=" ">
      <marc:subfield code="a">Orientalismo</marc:subfield>
    </marc:datafield>
    <marc:datafield tag="690" ind1=" " ind2=" ">
      <marc:subfield code="a">Andalusian headdress</marc:subfield>
    </marc:datafield>
    <marc:datafield tag="690" ind1=" " ind2=" ">
      <marc:subfield code="a">Río de la Plata</marc:subfield>
    </marc:datafield>
    <marc:datafield tag="690" ind1=" " ind2=" ">
      <marc:subfield code="a">Inhabit clothing</marc:subfield>
    </marc:datafield>
    <marc:datafield tag="690" ind1=" " ind2=" ">
      <marc:subfield code="a">Arabisms</marc:subfield>
    </marc:datafield>
    <marc:datafield tag="690" ind1=" " ind2=" ">
      <marc:subfield code="a">Orientalism</marc:subfield>
    </marc:datafield>
    <marc:datafield tag="690" ind1=" " ind2=" ">
      <marc:subfield code="a">Investigación</marc:subfield>
    </marc:datafield>
    <marc:datafield tag="690" ind1=" " ind2=" ">
      <marc:subfield code="a">Indumentaria</marc:subfield>
    </marc:datafield>
    <marc:datafield tag="690" ind1=" " ind2=" ">
      <marc:subfield code="a">Historia</marc:subfield>
    </marc:datafield>
    <marc:datafield tag="690" ind1=" " ind2=" ">
      <marc:subfield code="a">Accesorios</marc:subfield>
    </marc:datafield>
    <marc:datafield tag="690" ind1=" " ind2=" ">
      <marc:subfield code="a">Influencias</marc:subfield>
    </marc:datafield>
    <marc:datafield tag="690" ind1=" " ind2=" ">
      <marc:subfield code="a">Cultura</marc:subfield>
    </marc:datafield>
    <marc:datafield tag="690" ind1=" " ind2=" ">
      <marc:subfield code="a">Tocados</marc:subfield>
    </marc:datafield>
    <marc:datafield tag="690" ind1=" " ind2=" ">
      <marc:subfield code="a">Islam</marc:subfield>
    </marc:datafield>
    <marc:datafield tag="691" ind1=" " ind2=" ">
      <marc:subfield code="a">Argentina</marc:subfield>
    </marc:datafield>
    <marc:datafield tag="691" ind1=" " ind2=" ">
      <marc:subfield code="a">España</marc:subfield>
    </marc:datafield>
    <marc:datafield tag="691" ind1=" " ind2=" ">
      <marc:subfield code="a">Andalucia</marc:subfield>
    </marc:datafield>
    <marc:datafield tag="655" ind1="7" ind2=" ">
      <marc:subfield code="a">info:eu-repo/semantics/doctoralThesis</marc:subfield>
      <marc:subfield code="2">local</marc:subfield>
    </marc:datafield>
    <marc:datafield tag="655" ind1="7" ind2=" ">
      <marc:subfield code="a">info:ar-repo/semantics/tesis doctoral</marc:subfield>
      <marc:subfield code="2">local</marc:subfield>
    </marc:datafield>
    <marc:datafield tag="655" ind1="7" ind2=" ">
      <marc:subfield code="a">info:eu-repo/semantics/acceptedVersion</marc:subfield>
      <marc:subfield code="2">local</marc:subfield>
    </marc:datafield>
    <marc:datafield tag="100" ind1="1" ind2="0">
      <marc:subfield code="a">Noufouri, Hamurabi</marc:subfield>
      <marc:subfield code="e">contributor</marc:subfield>
    </marc:datafield>
    <marc:datafield tag="100" ind1="1" ind2="0">
      <marc:subfield code="a">Martín Muñoz, Gema</marc:subfield>
      <marc:subfield code="e">contributor</marc:subfield>
    </marc:datafield>
    <marc:datafield tag="100" ind1="1" ind2="0">
      <marc:subfield code="a">Martínez Nespral, Fernando</marc:subfield>
      <marc:subfield code="e">contributor</marc:subfield>
    </marc:datafield>
    <marc:datafield tag="100" ind1="1" ind2="0">
      <marc:subfield code="a">Puerta Vilchez, José Miguel</marc:subfield>
      <marc:subfield code="e">contributor</marc:subfield>
    </marc:datafield>
    <marc:datafield tag="856" ind1="4" ind2="1">
      <marc:subfield code="u">https://repositoriouba.sisbi.uba.ar/gsdl/collect/aaqtesis/index/assoc/HWA_7261.dir/7261.PDF</marc:subfield>
      <marc:subfield code="z">Connect to this object online.</marc:subfield>
    </marc:datafield>
  </marc:record>