
  <marc:record>
    <marc:leader>06163 am a  005773u     </marc:leader>
    <marc:datafield tag="042" ind1=" " ind2=" ">
      <marc:subfield code="a">dc</marc:subfield>
    </marc:datafield>
    <marc:datafield tag="100" ind1="1" ind2="0">
      <marc:subfield code="a">Ciuna, Davide</marc:subfield>
      <marc:subfield code="e">author</marc:subfield>
    </marc:datafield>
    <marc:datafield tag="245" ind1="0" ind2="0">
      <marc:subfield code="a">Intersticios de una ciudad global contemporánea : la Ciudad de Buenos Aires, contextos urbanos y políticos de una urbe fragmentada desde la década del 90</marc:subfield>
    </marc:datafield>
    <marc:datafield tag="246" ind1="3" ind2="3">
      <marc:subfield code="a">Interstices of a contemporary global city : the City of Buenos Aires, urban and political contexts of a fragmented city since the 1990s</marc:subfield>
    </marc:datafield>
    <marc:datafield tag="260" ind1=" " ind2=" ">
      <marc:subfield code="b">Universidad de Buenos Aires. Facultad de Arquitectura, Diseño y Urbanismo, </marc:subfield>
      <marc:subfield code="c">2021-08-12.</marc:subfield>
    </marc:datafield>
    <marc:datafield tag="500" ind1=" " ind2=" ">
      <marc:subfield code="a">http://repositoriouba.sisbi.uba.ar/gsdl/cgi-bin/library.cgi?a=d&amp;c=aaqtesis&amp;cl=CL1&amp;d=HWA_5683</marc:subfield>
    </marc:datafield>
    <marc:datafield tag="520" ind1=" " ind2=" ">
      <marc:subfield code="a">Starting in the mid-1980s and with greater force during the 1990s, some international economic and political trends were imposed that profoundly changed the approach to urban problems and the type of public policies adopted.\nIn most cities, many districts have been the subject of a refunction policy, through public policies that financed processes of regeneration, requalification and revitalization. According to above, the following question arises: how did the neoliberal public policies, since the 19990s, affect the urban and social fragmentation in the different districts of the Ciudad Autónoma of Buenos Aires and in particular La Boca district? This led to the development of a specific analysis of the different mechanisms that encourage the transformation of Ciudad Autónoma de Buenos Aires (CABA). Through the analysis of the urban policies of CABA, we observed a strong fragmentation of the territory, that is to say, the division of the city into small units with no coordination with each other with the rest of the urban structure. Keeping this objective in mind, we considered the processes of urban rehabilitation that generate and deepen the social division and territorial stigmatization. In this way, the southern area of Ciudad Autónoma de Buenos Aires was chosen, because it has the quality of being the subject of the different urban public policies and private investments in the last decades.\nIt is concluded that the gentrification, the interstices and the fragmentation, appear simultaneously in the different process of urban renewal. This way, the categories mentioned become an important issue in the case studies of La Boca District since it represents the place where it has been more obvious the gentrification dynamics with the consequent implications in the population: segregation, exclusion and stigmatization.</marc:subfield>
    </marc:datafield>
    <marc:datafield tag="520" ind1=" " ind2=" ">
      <marc:subfield code="a">Fil: Ciuna, Davide. Universidad de Buenos Aires. Facultad de Arquitectura, Diseño y Urbanismo. Buenos Aires, Argentina</marc:subfield>
    </marc:datafield>
    <marc:datafield tag="520" ind1=" " ind2=" ">
      <marc:subfield code="a">A partir de mediados de los años ochenta y con mayor fuerza durante la década del noventa, se impusieron algunas tendencias económicas y políticas en lo internacional que cambiaron profundamente el enfoque de los problemas urbanos y, en consecuencia, el tipo de políticas públicas adoptadas.\nEn la mayoría de las urbes, muchos barrios han sido objeto de una refuncionalización, a través de políticas públicas que financiaron procesos de regeneración, recalificación y revitalización. En función de lo expresado se plantea el siguiente interrogante: ¿cómo incidieron las políticas públicas neoliberales, desde la década del 90, en la fragmentación urbana y social de los barrios de la Ciudad Autónoma de Buenos aires y en particular en La Boca? Esto condujo al desarrollo de un análisis particular de los mecanismos que impulsan hoy la metamorfosis de la Ciudad Autónoma de Buenos aires (CABA). A través del análisis de las políticas urbanas de la CABA, se observó la fuerte fragmentación del territorio, es decir, la división de la ciudad en pequeñas unidades descoordinadas entre sí y con el resto del sistema urbano. Con ese objetivo, se consideraron los procesos de rehabilitación urbana que generan y profundizan la división social y la estigmatización territorial. En esa línea, se seleccionó la zona sur de la ciudad autónoma de Buenos Aires, ya que tiene la cualidad de ser, en las últimas décadas, objeto de las políticas públicas urbanas y de las inversiones privadas.\nSe concluye que la gentrificación, los intersticios y la fragmentación, aparecen simultáneamente en los procesos de renovación urbana. de esta manera, las categorías mencionadas toman relevancia en el estudio de caso del barrio de La Boca en tanto representa el espacio donde más se ha patentizado la dinámica de gentrificación con sus consecuentes implicaciones en la población: segregación, exclusión y estigmatización.</marc:subfield>
    </marc:datafield>
    <marc:datafield tag="520" ind1=" " ind2=" ">
      <marc:subfield code="a">Doctor de la Universidad de Buenos Aires, Área Urbanismo</marc:subfield>
    </marc:datafield>
    <marc:datafield tag="540" ind1=" " ind2=" ">
      <marc:subfield code="a">info:eu-repo/semantics/openAccess</marc:subfield>
    </marc:datafield>
    <marc:datafield tag="540" ind1=" " ind2=" ">
      <marc:subfield code="a">https://creativecommons.org/licenses/by-nc-nd/2.5/ar/</marc:subfield>
    </marc:datafield>
    <marc:datafield tag="546" ind1=" " ind2=" ">
      <marc:subfield code="a">spa</marc:subfield>
    </marc:datafield>
    <marc:datafield tag="690" ind1=" " ind2=" ">
      <marc:subfield code="a">Políticas públicas urbanas</marc:subfield>
    </marc:datafield>
    <marc:datafield tag="690" ind1=" " ind2=" ">
      <marc:subfield code="a">Gentrificación</marc:subfield>
    </marc:datafield>
    <marc:datafield tag="690" ind1=" " ind2=" ">
      <marc:subfield code="a">Fragmentación</marc:subfield>
    </marc:datafield>
    <marc:datafield tag="690" ind1=" " ind2=" ">
      <marc:subfield code="a">Intersticios urbanos</marc:subfield>
    </marc:datafield>
    <marc:datafield tag="690" ind1=" " ind2=" ">
      <marc:subfield code="a">Barrio de La Boca</marc:subfield>
    </marc:datafield>
    <marc:datafield tag="690" ind1=" " ind2=" ">
      <marc:subfield code="a">Urban public policies</marc:subfield>
    </marc:datafield>
    <marc:datafield tag="690" ind1=" " ind2=" ">
      <marc:subfield code="a">Gentrification</marc:subfield>
    </marc:datafield>
    <marc:datafield tag="690" ind1=" " ind2=" ">
      <marc:subfield code="a">Fragmentation</marc:subfield>
    </marc:datafield>
    <marc:datafield tag="690" ind1=" " ind2=" ">
      <marc:subfield code="a">Urban interstices</marc:subfield>
    </marc:datafield>
    <marc:datafield tag="690" ind1=" " ind2=" ">
      <marc:subfield code="a">La Boca district</marc:subfield>
    </marc:datafield>
    <marc:datafield tag="690" ind1=" " ind2=" ">
      <marc:subfield code="a">Renovación urbana</marc:subfield>
    </marc:datafield>
    <marc:datafield tag="690" ind1=" " ind2=" ">
      <marc:subfield code="a">Rehabilitación</marc:subfield>
    </marc:datafield>
    <marc:datafield tag="690" ind1=" " ind2=" ">
      <marc:subfield code="a">Marginalidad urbana</marc:subfield>
    </marc:datafield>
    <marc:datafield tag="690" ind1=" " ind2=" ">
      <marc:subfield code="a">Barrios porteños</marc:subfield>
    </marc:datafield>
    <marc:datafield tag="690" ind1=" " ind2=" ">
      <marc:subfield code="a">Economía</marc:subfield>
    </marc:datafield>
    <marc:datafield tag="690" ind1=" " ind2=" ">
      <marc:subfield code="a">Política</marc:subfield>
    </marc:datafield>
    <marc:datafield tag="690" ind1=" " ind2=" ">
      <marc:subfield code="a">Neoliberalismo</marc:subfield>
    </marc:datafield>
    <marc:datafield tag="690" ind1=" " ind2=" ">
      <marc:subfield code="a">Globalización</marc:subfield>
    </marc:datafield>
    <marc:datafield tag="690" ind1=" " ind2=" ">
      <marc:subfield code="a">Investigación</marc:subfield>
    </marc:datafield>
    <marc:datafield tag="690" ind1=" " ind2=" ">
      <marc:subfield code="a">Urbanismo</marc:subfield>
    </marc:datafield>
    <marc:datafield tag="691" ind1=" " ind2=" ">
      <marc:subfield code="a">Buenos Aires, ciudad</marc:subfield>
    </marc:datafield>
    <marc:datafield tag="691" ind1=" " ind2=" ">
      <marc:subfield code="a">Siglo XX</marc:subfield>
    </marc:datafield>
    <marc:datafield tag="691" ind1=" " ind2=" ">
      <marc:subfield code="a">Década de 1980</marc:subfield>
    </marc:datafield>
    <marc:datafield tag="691" ind1=" " ind2=" ">
      <marc:subfield code="a">Década de 1990</marc:subfield>
    </marc:datafield>
    <marc:datafield tag="655" ind1="7" ind2=" ">
      <marc:subfield code="a">info:eu-repo/semantics/doctoralThesis</marc:subfield>
      <marc:subfield code="2">local</marc:subfield>
    </marc:datafield>
    <marc:datafield tag="655" ind1="7" ind2=" ">
      <marc:subfield code="a">info:ar-repo/semantics/tesis doctoral</marc:subfield>
      <marc:subfield code="2">local</marc:subfield>
    </marc:datafield>
    <marc:datafield tag="655" ind1="7" ind2=" ">
      <marc:subfield code="a">info:eu-repo/semantics/acceptedVersion</marc:subfield>
      <marc:subfield code="2">local</marc:subfield>
    </marc:datafield>
    <marc:datafield tag="100" ind1="1" ind2="0">
      <marc:subfield code="a">Sánchez, Sandra Inés</marc:subfield>
      <marc:subfield code="e">contributor</marc:subfield>
    </marc:datafield>
    <marc:datafield tag="100" ind1="1" ind2="0">
      <marc:subfield code="a">Del Percio, Enrique</marc:subfield>
      <marc:subfield code="e">contributor</marc:subfield>
    </marc:datafield>
    <marc:datafield tag="100" ind1="1" ind2="0">
      <marc:subfield code="a">García  Moreno, Beatriz</marc:subfield>
      <marc:subfield code="e">contributor</marc:subfield>
    </marc:datafield>
    <marc:datafield tag="100" ind1="1" ind2="0">
      <marc:subfield code="a">Vio, Marcela</marc:subfield>
      <marc:subfield code="e">contributor</marc:subfield>
    </marc:datafield>
    <marc:datafield tag="100" ind1="1" ind2="0">
      <marc:subfield code="a">Doberti, Roberto</marc:subfield>
      <marc:subfield code="e">contributor</marc:subfield>
    </marc:datafield>
    <marc:datafield tag="856" ind1="4" ind2="1">
      <marc:subfield code="u">https://repositoriouba.sisbi.uba.ar/gsdl/collect/aaqtesis/index/assoc/HWA_5683.dir/5683.PDF</marc:subfield>
      <marc:subfield code="z">Connect to this object online.</marc:subfield>
    </marc:datafield>
  </marc:record>