
  <marc:record>
    <marc:leader>07159 am a  006133u     </marc:leader>
    <marc:datafield tag="042" ind1=" " ind2=" ">
      <marc:subfield code="a">dc</marc:subfield>
    </marc:datafield>
    <marc:datafield tag="100" ind1="1" ind2="0">
      <marc:subfield code="a">Ciocoletto, Guadalupe</marc:subfield>
      <marc:subfield code="e">author</marc:subfield>
    </marc:datafield>
    <marc:datafield tag="245" ind1="0" ind2="0">
      <marc:subfield code="a">Aristas en el crisol : Barrio Chino y Mercado Andino. Canales de comunicación intercultural en una Buenos Aires globalizada</marc:subfield>
    </marc:datafield>
    <marc:datafield tag="246" ind1="3" ind2="3">
      <marc:subfield code="a">Edges in the melting pot : Chinatown and Andean Market. Intercultural communication channels in a globalized Buenos Aires</marc:subfield>
    </marc:datafield>
    <marc:datafield tag="260" ind1=" " ind2=" ">
      <marc:subfield code="b">Universidad de Buenos Aires. Facultad de Arquitectura, Diseño y Urbanismo, </marc:subfield>
      <marc:subfield code="c">2021-06-03.</marc:subfield>
    </marc:datafield>
    <marc:datafield tag="500" ind1=" " ind2=" ">
      <marc:subfield code="a">http://repositoriouba.sisbi.uba.ar/gsdl/cgi-bin/library.cgi?a=d&amp;c=aaqtesis&amp;cl=CL1&amp;d=HWA_5426</marc:subfield>
    </marc:datafield>
    <marc:datafield tag="520" ind1=" " ind2=" ">
      <marc:subfield code="a">Migration is an irrepressible historical phenomenon that results in different degrees of cultural complexity in destination cities. From the point of view of cities, it is crucial to recognize immigration in order to understand a world situation that, although not new but part of history and human evolution, still has an effect on the experience of shared spaces today. Even knowing that nationality is not synonymous with culture, understanding the cultural origin of the inhabitants and their situation within urban environments can help to glimpse some inheritances, dynamics and overlaps; and even though there are still divergences regarding the definition of a migrant, the descriptions coincide in a basic aspect: they are people who have moved from their place of origin to another, and who carry with them an identity baggage.\nIn this context of continuous change, it is important to underline the role of cities, since the metropolises that have become attractive gateways have become physically and socially places for diversity where tolerance and social cohesion are frequently absent. Immigration, on the other hand, has not only been a social phenomenon -in the different destination cities, immigration has progressively given rise to situations of encounter, multiplicity of languages, customs and traditions- but also an economic one allowing global and transnational exchanges, movements of people, goods and money.\nFrom the local point of view, migrations have been part of the founding myth of the Argentine Nation-State, inscribed in the metaphor of the melting pot of races the country's supposed characteristic of having the capacity to receive the races of the world and to melt them into a single and homogeneous society. This way of understanding national identity hides in a certain way the heterogeneities and particularities of the groups that have made up the country's population. The city of Buenos Aires, under the effects of globalization, has become an attractive point for business, and tourism has become an important economic resource.\nWe present in this Thesis two examples in which different cultural groups have tried to adapt to the urban system found upon arrival -Chinatown of Belgrano and the Andean Market of Liniers-, and we will try to review how the City has provided them tools to do so.</marc:subfield>
    </marc:datafield>
    <marc:datafield tag="520" ind1=" " ind2=" ">
      <marc:subfield code="a">Fil: Ciocoletto, Guadalupe. Universidad de Buenos Aires. Facultad de Arquitectura, Diseño y Urbanismo. Buenos Aires, Argentina</marc:subfield>
    </marc:datafield>
    <marc:datafield tag="520" ind1=" " ind2=" ">
      <marc:subfield code="a">La migración es un fenómeno histórico e irrefrenable que resulta en diferentes grados de complejidad cultural en las ciudades-destino. Desde el punto de vista de las ciudades resulta crucial reconocer a la inmigración para así poder comprender una situación mundial que, si bien no es nueva sino parte de la historia y la evolución humana, tiene aún hoy un efecto sobre la vivencia de los espacios compartidos. Aún sabiendo que nacionalidad no es sinónimo de cultura, el comprender el origen cultural de los habitantes y su situación dentro de los entornos urbanos puede ayudar a vislumbrar algunas herencias, dinámicas y solapamientos; y aunque aun hoy existan divergencias ante la definición de migrante, las descripciones coinciden en un aspecto base: son personas que se han trasladado de su lugar de origen a otro, y que cargan consigo un bagaje identitario.\nEn este contexto de continuo cambio es importante subrayar el rol de las ciudades, siendo que las metrópolis que se han convertido en atractivos gateways se han transformado social y físicamente en lugares para la diversidad donde la tolerancia y la cohesión social con frecuencia no están presentes. La inmigración, por otro lado, no ha sido únicamente un fenómeno social -en las distintas ciudades-destino la inmigración ha progresivamente dado lugar a situaciones de encuentro, multiplicidad de idiomas, costumbres y tradiciones- sino también uno económico permitiendo intercambios globales y transnacionales, movimientos de personas, bienes y dinero.\nDesde el punto de vista local, las migraciones han sido parte del mito fundacional de la Nación-Estado Argentina, inscriptas en la metáfora del crisol de razas -supuesta característica del país de tener la capacidad de recibir a las razas del mundo y de fundirlas en una única y homogénea sociedad. Este modo de entender la identidad nacional oculta en cierta forma las heterogeneidades y particularidades de los grupos que han conformado la población del país. La ciudad de Buenos Aires, bajo los efectos de la globalización, se ha transformado en un punto atractivo para los negocios, y el turismo se ha convertido en un importante recurso económico. \nPresentamos en esta Tesis dos ejemplos en los que grupos culturales distintos han intentado acomodarse al sistema urbano encontrado a su arribo -el Barrio Chino de Belgrano y el Mercado Andino de Liniers-, e intentaremos revisar cómo la Ciudad les ha brindado herramientas para hacerlo.</marc:subfield>
    </marc:datafield>
    <marc:datafield tag="520" ind1=" " ind2=" ">
      <marc:subfield code="a">Doctora de la Universidad de Buenos Aires, Área Arquitectura</marc:subfield>
    </marc:datafield>
    <marc:datafield tag="540" ind1=" " ind2=" ">
      <marc:subfield code="a">info:eu-repo/semantics/openAccess</marc:subfield>
    </marc:datafield>
    <marc:datafield tag="540" ind1=" " ind2=" ">
      <marc:subfield code="a">https://creativecommons.org/licenses/by-nc-nd/2.5/ar/</marc:subfield>
    </marc:datafield>
    <marc:datafield tag="546" ind1=" " ind2=" ">
      <marc:subfield code="a">spa</marc:subfield>
    </marc:datafield>
    <marc:datafield tag="690" ind1=" " ind2=" ">
      <marc:subfield code="a">Espacio público</marc:subfield>
    </marc:datafield>
    <marc:datafield tag="690" ind1=" " ind2=" ">
      <marc:subfield code="a">Comunicación intercultural</marc:subfield>
    </marc:datafield>
    <marc:datafield tag="690" ind1=" " ind2=" ">
      <marc:subfield code="a">Inmigración</marc:subfield>
    </marc:datafield>
    <marc:datafield tag="690" ind1=" " ind2=" ">
      <marc:subfield code="a">Buenos Aires</marc:subfield>
    </marc:datafield>
    <marc:datafield tag="690" ind1=" " ind2=" ">
      <marc:subfield code="a">Globalización</marc:subfield>
    </marc:datafield>
    <marc:datafield tag="690" ind1=" " ind2=" ">
      <marc:subfield code="a">Public spaces</marc:subfield>
    </marc:datafield>
    <marc:datafield tag="690" ind1=" " ind2=" ">
      <marc:subfield code="a">Intercultural communication</marc:subfield>
    </marc:datafield>
    <marc:datafield tag="690" ind1=" " ind2=" ">
      <marc:subfield code="a">Immigration</marc:subfield>
    </marc:datafield>
    <marc:datafield tag="690" ind1=" " ind2=" ">
      <marc:subfield code="a">Globalization</marc:subfield>
    </marc:datafield>
    <marc:datafield tag="690" ind1=" " ind2=" ">
      <marc:subfield code="a">Investigación</marc:subfield>
    </marc:datafield>
    <marc:datafield tag="690" ind1=" " ind2=" ">
      <marc:subfield code="a">Teoría</marc:subfield>
    </marc:datafield>
    <marc:datafield tag="690" ind1=" " ind2=" ">
      <marc:subfield code="a">Ciudades</marc:subfield>
    </marc:datafield>
    <marc:datafield tag="690" ind1=" " ind2=" ">
      <marc:subfield code="a">Metrópolis</marc:subfield>
    </marc:datafield>
    <marc:datafield tag="690" ind1=" " ind2=" ">
      <marc:subfield code="a">Economía</marc:subfield>
    </marc:datafield>
    <marc:datafield tag="690" ind1=" " ind2=" ">
      <marc:subfield code="a">Desarrollo</marc:subfield>
    </marc:datafield>
    <marc:datafield tag="690" ind1=" " ind2=" ">
      <marc:subfield code="a">Sociología urbana</marc:subfield>
    </marc:datafield>
    <marc:datafield tag="690" ind1=" " ind2=" ">
      <marc:subfield code="a">Migraciones</marc:subfield>
    </marc:datafield>
    <marc:datafield tag="690" ind1=" " ind2=" ">
      <marc:subfield code="a">Población</marc:subfield>
    </marc:datafield>
    <marc:datafield tag="690" ind1=" " ind2=" ">
      <marc:subfield code="a">Sociedad</marc:subfield>
    </marc:datafield>
    <marc:datafield tag="690" ind1=" " ind2=" ">
      <marc:subfield code="a">Cultura</marc:subfield>
    </marc:datafield>
    <marc:datafield tag="690" ind1=" " ind2=" ">
      <marc:subfield code="a">Identidad</marc:subfield>
    </marc:datafield>
    <marc:datafield tag="690" ind1=" " ind2=" ">
      <marc:subfield code="a">Mercados</marc:subfield>
    </marc:datafield>
    <marc:datafield tag="690" ind1=" " ind2=" ">
      <marc:subfield code="a">Urbanismo</marc:subfield>
    </marc:datafield>
    <marc:datafield tag="691" ind1=" " ind2=" ">
      <marc:subfield code="a">Liniers</marc:subfield>
    </marc:datafield>
    <marc:datafield tag="691" ind1=" " ind2=" ">
      <marc:subfield code="a">Belgrano</marc:subfield>
    </marc:datafield>
    <marc:datafield tag="691" ind1=" " ind2=" ">
      <marc:subfield code="a">Barrio Chino</marc:subfield>
    </marc:datafield>
    <marc:datafield tag="691" ind1=" " ind2=" ">
      <marc:subfield code="a">Mercado Andino</marc:subfield>
    </marc:datafield>
    <marc:datafield tag="691" ind1=" " ind2=" ">
      <marc:subfield code="a">Argentina</marc:subfield>
    </marc:datafield>
    <marc:datafield tag="655" ind1="7" ind2=" ">
      <marc:subfield code="a">info:eu-repo/semantics/doctoralThesis</marc:subfield>
      <marc:subfield code="2">local</marc:subfield>
    </marc:datafield>
    <marc:datafield tag="655" ind1="7" ind2=" ">
      <marc:subfield code="a">info:ar-repo/semantics/tesis doctoral</marc:subfield>
      <marc:subfield code="2">local</marc:subfield>
    </marc:datafield>
    <marc:datafield tag="655" ind1="7" ind2=" ">
      <marc:subfield code="a">info:eu-repo/semantics/acceptedVersion</marc:subfield>
      <marc:subfield code="2">local</marc:subfield>
    </marc:datafield>
    <marc:datafield tag="100" ind1="1" ind2="0">
      <marc:subfield code="a">Martínez Nespral, Fernando Luis</marc:subfield>
      <marc:subfield code="e">contributor</marc:subfield>
    </marc:datafield>
    <marc:datafield tag="100" ind1="1" ind2="0">
      <marc:subfield code="a">Flores, Verónica</marc:subfield>
      <marc:subfield code="e">contributor</marc:subfield>
    </marc:datafield>
    <marc:datafield tag="100" ind1="1" ind2="0">
      <marc:subfield code="a">Devalle, Verónica</marc:subfield>
      <marc:subfield code="e">contributor</marc:subfield>
    </marc:datafield>
    <marc:datafield tag="100" ind1="1" ind2="0">
      <marc:subfield code="a">Noufouri, Hamurabi</marc:subfield>
      <marc:subfield code="e">contributor</marc:subfield>
    </marc:datafield>
    <marc:datafield tag="856" ind1="4" ind2="1">
      <marc:subfield code="u">https://repositoriouba.sisbi.uba.ar/gsdl/collect/aaqtesis/index/assoc/HWA_5426.dir/5426.PDF</marc:subfield>
      <marc:subfield code="z">Connect to this object online.</marc:subfield>
    </marc:datafield>
  </marc:record>