
  <marc:record>
    <marc:leader>06944 am a  005173u     </marc:leader>
    <marc:datafield tag="042" ind1=" " ind2=" ">
      <marc:subfield code="a">dc</marc:subfield>
    </marc:datafield>
    <marc:datafield tag="100" ind1="1" ind2="0">
      <marc:subfield code="a">Fernández Meijide, Enrique</marc:subfield>
      <marc:subfield code="e">author</marc:subfield>
    </marc:datafield>
    <marc:datafield tag="245" ind1="0" ind2="0">
      <marc:subfield code="a">Residuos domiciliarios en Buenos Aires : historia de un conflicto y propuesta de una agenda interdisciplinaria para la planificación de mejoras</marc:subfield>
    </marc:datafield>
    <marc:datafield tag="246" ind1="3" ind2="3">
      <marc:subfield code="a">Household waste in Buenos Aires : history of a conflict and proposal for an interdisciplinary agenda for the planning of improvements</marc:subfield>
    </marc:datafield>
    <marc:datafield tag="260" ind1=" " ind2=" ">
      <marc:subfield code="b">Universidad de Buenos Aires. Facultad de Arquitectura, Diseño y Urbanismo, </marc:subfield>
      <marc:subfield code="c">2019-08-09.</marc:subfield>
    </marc:datafield>
    <marc:datafield tag="500" ind1=" " ind2=" ">
      <marc:subfield code="a">http://repositoriouba.sisbi.uba.ar/gsdl/cgi-bin/library.cgi?a=d&amp;c=aaqtesis&amp;cl=CL1&amp;d=HWA_7072</marc:subfield>
    </marc:datafield>
    <marc:datafield tag="520" ind1=" " ind2=" ">
      <marc:subfield code="a">The objective of this thesis is to propose an effective solution to the hygienic and social need for the treatment of the massive daily production of household waste in CABA (Ciudad Autónoma de Buenos Aires). We propose that this waste could be treated in their own jurisdiction if an integral management contemplates the urban and territorial typologies, the socioeconomic characteristics and the technological availability to treat the different waste streams. To this end, the CABA's Urban Planning is addressed, including the sustainable management and deposition of MSW (Municipal Solid Waste) with the most convenient methods and in the appropriate places, and highlighting both the administration and neglect of its waste from its foundation to the present day.\nThe problem of the absence of space to deal with it and to expose it within the city and the creation of laws and projects that do not offer solutions is raised. The current system of compactors and landfills, installed in 1976 by the arrogance of the military dictatorship, is falsely ecological and only persist by routine. The existing deposits are filled completely but, for being the only option, it continues with its filling without considering the probable serious long-term risk. For this reason, the city must be responsible for the MSW produced in its territory, through the conservation of a sustainable system that meets the required health requirement, but without thinking that the only sustainable option of recycling organic waste is composting, and the planners have the responsibility to assume that household waste is an inseparable part of urban planning.\nFinally, in order to reach an effective and lasting solution to the problem presented in this thesis, it will be necessary to find the required space, to use the autonomy of the city to liberalize the management and deposition of its MSW on its own land, to make an unobjectionable treatment of waste, to select what is useful and diminish the untreatable in order to reduce the space for deposition, and to permanently consider sustainability and environmental observance. At the same time, we consider that the reduction of the volume of waste from the packaging of products and the reinforcement of education on waste control in schools will be very helpful.</marc:subfield>
    </marc:datafield>
    <marc:datafield tag="520" ind1=" " ind2=" ">
      <marc:subfield code="a">Fil: Fernández Meijide, Enrique. Universidad de Buenos Aires. Facultad de Arquitectura, Diseño y Urbanismo. Buenos Aires, Argentina</marc:subfield>
    </marc:datafield>
    <marc:datafield tag="520" ind1=" " ind2=" ">
      <marc:subfield code="a">El objetivo de esta tesis consiste en proponer una solución eficaz a la necesidad higiénica y social del tratamiento de la masiva producción diaria de residuos domiciliarios en CABA (Ciudad Autónoma de Buenos Aires). Se plantea que estos se podrían tratar en su propia jurisdicción si se planificara una gestión integral que contemple las tipologías urbanas y territoriales, las características socioeconómicas y la disponibilidad tecnológica para tratar las distintas corrientes de residuos. Para ello, se aborda la Planificación Urbana de CABA, que incluirá la gestión y deposición sustentables de los RSU (Residuos Sólidos Urbanos) con los métodos más convenientes y en los lugares apropiados. Se busca realizar un recorrido que ponga en evidencia tanto la administración como el descuido de sus residuos desde su fundación hasta la actualidad.\nSe plantea la problemática de la ausencia de espacio para tratarla y deponerla dentro de la ciudad y la creación de leyes y proyectos que no ofrecen soluciones. El sistema actual de compactadores y rellenos sanitarios, instalado en 1976 por la prepotencia militar, resulta falsamente ecológico y solo perdura por rutina. Los depósitos existentes se encuentran totalmente colmatados, pero, por ser la única opción, se prosigue con su relleno sin considerar el probable grave riesgo a largo plazo. Por esta razón, la ciudad debe responsabilizarse de los RSU que se producen en su territorio, mediante la conservación de un sistema sustentable que cumpla con el requisito de salubridad exigido, pero sin pensar que la única posibilidad sostenible de reciclado de los residuos orgánicos consiste en el compostaje, los planificadores tienen la responsabilidad de asumir que los residuos domiciliarios son parte inseparable de la planificación urbana.\nEntonces, para llegar a una solución eficaz y duradera del problema planteado en esta tesis, resultará necesario hallar el espacio requerido, utilizar la autonomía de la ciudad para liberalizar la gestión y deposición de sus RSU en suelo propio, realizar un tratamiento inobjetable de los residuos, seleccionar lo útil, disminuir lo intratable con el fin de reducir el espacio para la deposición y considerar permanentemente la sustentabilidad y la observancia medioambiental. A su vez, se considera que será de gran ayuda la reducción del volumen de desperdicios de embalaje de productos a la venta y el fortalecimiento de la educación sobre el control de residuos en escuelas.</marc:subfield>
    </marc:datafield>
    <marc:datafield tag="520" ind1=" " ind2=" ">
      <marc:subfield code="a">Doctor de la Universidad de Buenos Aires, Área Arquitectura</marc:subfield>
    </marc:datafield>
    <marc:datafield tag="540" ind1=" " ind2=" ">
      <marc:subfield code="a">info:eu-repo/semantics/openAccess</marc:subfield>
    </marc:datafield>
    <marc:datafield tag="540" ind1=" " ind2=" ">
      <marc:subfield code="a">https://creativecommons.org/licenses/by-nc-nd/2.5/ar/</marc:subfield>
    </marc:datafield>
    <marc:datafield tag="546" ind1=" " ind2=" ">
      <marc:subfield code="a">spa</marc:subfield>
    </marc:datafield>
    <marc:datafield tag="690" ind1=" " ind2=" ">
      <marc:subfield code="a">Planificación urbana</marc:subfield>
    </marc:datafield>
    <marc:datafield tag="690" ind1=" " ind2=" ">
      <marc:subfield code="a">Residuos</marc:subfield>
    </marc:datafield>
    <marc:datafield tag="690" ind1=" " ind2=" ">
      <marc:subfield code="a">Buenos Aires</marc:subfield>
    </marc:datafield>
    <marc:datafield tag="690" ind1=" " ind2=" ">
      <marc:subfield code="a">Sustentabilidad</marc:subfield>
    </marc:datafield>
    <marc:datafield tag="690" ind1=" " ind2=" ">
      <marc:subfield code="a">Compostaje</marc:subfield>
    </marc:datafield>
    <marc:datafield tag="690" ind1=" " ind2=" ">
      <marc:subfield code="a">Urban planning</marc:subfield>
    </marc:datafield>
    <marc:datafield tag="690" ind1=" " ind2=" ">
      <marc:subfield code="a">Waste</marc:subfield>
    </marc:datafield>
    <marc:datafield tag="690" ind1=" " ind2=" ">
      <marc:subfield code="a">Buenos Aires</marc:subfield>
    </marc:datafield>
    <marc:datafield tag="690" ind1=" " ind2=" ">
      <marc:subfield code="a">Sustainability</marc:subfield>
    </marc:datafield>
    <marc:datafield tag="690" ind1=" " ind2=" ">
      <marc:subfield code="a">Composting</marc:subfield>
    </marc:datafield>
    <marc:datafield tag="690" ind1=" " ind2=" ">
      <marc:subfield code="a">Investigación</marc:subfield>
    </marc:datafield>
    <marc:datafield tag="690" ind1=" " ind2=" ">
      <marc:subfield code="a">Medio ambiente</marc:subfield>
    </marc:datafield>
    <marc:datafield tag="690" ind1=" " ind2=" ">
      <marc:subfield code="a">Reciclaje</marc:subfield>
    </marc:datafield>
    <marc:datafield tag="690" ind1=" " ind2=" ">
      <marc:subfield code="a">Residuos urbanos</marc:subfield>
    </marc:datafield>
    <marc:datafield tag="690" ind1=" " ind2=" ">
      <marc:subfield code="a">Recolección</marc:subfield>
    </marc:datafield>
    <marc:datafield tag="690" ind1=" " ind2=" ">
      <marc:subfield code="a">Tratamiento</marc:subfield>
    </marc:datafield>
    <marc:datafield tag="690" ind1=" " ind2=" ">
      <marc:subfield code="a">Gestión</marc:subfield>
    </marc:datafield>
    <marc:datafield tag="690" ind1=" " ind2=" ">
      <marc:subfield code="a">Proyectos</marc:subfield>
    </marc:datafield>
    <marc:datafield tag="690" ind1=" " ind2=" ">
      <marc:subfield code="a">Urbanismo</marc:subfield>
    </marc:datafield>
    <marc:datafield tag="655" ind1="7" ind2=" ">
      <marc:subfield code="a">info:eu-repo/semantics/doctoralThesis</marc:subfield>
      <marc:subfield code="2">local</marc:subfield>
    </marc:datafield>
    <marc:datafield tag="655" ind1="7" ind2=" ">
      <marc:subfield code="a">info:ar-repo/semantics/tesis doctoral</marc:subfield>
      <marc:subfield code="2">local</marc:subfield>
    </marc:datafield>
    <marc:datafield tag="655" ind1="7" ind2=" ">
      <marc:subfield code="a">info:eu-repo/semantics/acceptedVersion</marc:subfield>
      <marc:subfield code="2">local</marc:subfield>
    </marc:datafield>
    <marc:datafield tag="100" ind1="1" ind2="0">
      <marc:subfield code="a">Codignotto, Jorge</marc:subfield>
      <marc:subfield code="e">contributor</marc:subfield>
    </marc:datafield>
    <marc:datafield tag="100" ind1="1" ind2="0">
      <marc:subfield code="a">Suárez, Francisco</marc:subfield>
      <marc:subfield code="e">contributor</marc:subfield>
    </marc:datafield>
    <marc:datafield tag="100" ind1="1" ind2="0">
      <marc:subfield code="a">Doberti, Roberto</marc:subfield>
      <marc:subfield code="e">contributor</marc:subfield>
    </marc:datafield>
    <marc:datafield tag="100" ind1="1" ind2="0">
      <marc:subfield code="a">Dadon, José</marc:subfield>
      <marc:subfield code="e">contributor</marc:subfield>
    </marc:datafield>
    <marc:datafield tag="100" ind1="1" ind2="0">
      <marc:subfield code="a">Vio, Marcela</marc:subfield>
      <marc:subfield code="e">contributor</marc:subfield>
    </marc:datafield>
    <marc:datafield tag="856" ind1="4" ind2="1">
      <marc:subfield code="u">https://repositoriouba.sisbi.uba.ar/gsdl/collect/aaqtesis/index/assoc/HWA_7072.dir/7072.PDF</marc:subfield>
      <marc:subfield code="z">Connect to this object online.</marc:subfield>
    </marc:datafield>
  </marc:record>