
  <marc:record>
    <marc:leader>06071 am a  004813u     </marc:leader>
    <marc:datafield tag="042" ind1=" " ind2=" ">
      <marc:subfield code="a">dc</marc:subfield>
    </marc:datafield>
    <marc:datafield tag="100" ind1="1" ind2="0">
      <marc:subfield code="a">Rybak, Sergio D.</marc:subfield>
      <marc:subfield code="e">author</marc:subfield>
    </marc:datafield>
    <marc:datafield tag="245" ind1="0" ind2="0">
      <marc:subfield code="a">El diseño industrial y los productos industriales en la Argentina desde 1952 hasta 1983 : tensiones entre diseño, tecnología y políticas económicas</marc:subfield>
    </marc:datafield>
    <marc:datafield tag="246" ind1="3" ind2="3">
      <marc:subfield code="a">Industrial design and the Industrial products in Argentina from 1952 until 1983 : tensions between design, technology and economics policies</marc:subfield>
    </marc:datafield>
    <marc:datafield tag="260" ind1=" " ind2=" ">
      <marc:subfield code="b">Universidad de Buenos Aires. Facultad de Arquitectura, Diseño y Urbanismo, </marc:subfield>
      <marc:subfield code="c">2015-07-08.</marc:subfield>
    </marc:datafield>
    <marc:datafield tag="500" ind1=" " ind2=" ">
      <marc:subfield code="a">1952-1983</marc:subfield>
    </marc:datafield>
    <marc:datafield tag="500" ind1=" " ind2=" ">
      <marc:subfield code="a">http://repositoriouba.sisbi.uba.ar/gsdl/cgi-bin/library.cgi?a=d&amp;c=aaqtesis&amp;cl=CL1&amp;d=HWA_7077</marc:subfield>
    </marc:datafield>
    <marc:datafield tag="520" ind1=" " ind2=" ">
      <marc:subfield code="a">This thesis addresses the relationship between design, economy, politics and the development of technology, in order to evidence the tensions between these fields, founded in the actions of different state agencies in Argentina between the years 1952 and 1983 in the context of the Segundo Plan Quinquenal until the end of the government of the Proceso de Reorganización Nacional, from three scenarios and from the different cases of study. Within this period of time, two different paths are analyzed in terms of the practices of design, pragmatics and academic field, and how one of them prevailed.\nThe first scenario began with the failed project to develop a locomotive industry, the Fábrica Argentina de Locomotoras (FADEL), which was originated simultaneously with the argentinian automotive industry represented by Industrias Aeronáuticas y Mecánicas del Estado (IAME). Although this is usually associated with the management of developmentalism and the establishment of multinational automotive companies in the early 1960s, there was a state company that began manufacturing automobiles ten years earlier.\nThe second scenario coincides with the Feria de America, where the visions of modernity and the industrialism of the State were united as two coexisting paradigms, through the meeting of the products that emerged in the industries of the State and modern design. Due to its scale, the fair was the most important event of modern design in Latin America in fulfillment of economical-political relations goals of the Peronist government.\nThe third scenario, under the hegemony of modern design in Argentina, involved the various actions of the Centro de Investigación de Diseño Industrial (CIDI), an institution through which the political and economic vicissitudes were evident, around the insertion of the field of design in various areas and the trajectories of companies that included design as part of their business policy.</marc:subfield>
    </marc:datafield>
    <marc:datafield tag="520" ind1=" " ind2=" ">
      <marc:subfield code="a">Fil: Rybak, Sergio D. Universidad de Buenos Aires. Facultad de Arquitectura, Diseño y Urbanismo. Buenos Aires, Argentina</marc:subfield>
    </marc:datafield>
    <marc:datafield tag="520" ind1=" " ind2=" ">
      <marc:subfield code="a">Esta tesis trata sobre las relaciones entre el diseño, la economía, la política y el desarrollo de la tecnología, con la finalidad de hacer evidente las tensiones entre estos campos, a partir del accionar de las agencias del Estado en la Argentina entre los años 1952 y 1983, en el contexto que transcurre desde el Segundo Plan Quinquenal hasta el fin del gobierno del Proceso de Reorganización Nacional según tres escenarios y a partir de diferentes estudios de casos.\nEn ese lapso de tiempo se analizan dos vías diferentes en cuanto a la práctica de diseñar, la pragmática y la académica y como prevaleció una de ellas.\nEl primer escenario se inicia con el proyecto fallido de gestar una industria de locomotoras, la Fábrica Argentina de Locomotoras, FADEL, que se originó de manera simultánea al origen de la industria automotriz argentina con el caso de las Industrias Aeronáuticas y Mecánicas del Estado, IAME. Si bien usualmente ésta se asocia a la gestión del desarrollismo y a la radicación de las automotrices multinacionales a principios de la década de 1960, existió una empresa del Estado que dio comienzo a la fabricación de automóviles diez años antes.\nEl segundo escenario coincide con la Feria de América, en donde se unieron las visiones de la modernidad y la industrialista del Estado, como dos paradigmas convivientes, a través del encuentro de los productos surgidos en las industrias del Estado y el diseño moderno. La Feria fue por su escala, el evento más importante del diseño moderno en Latinoamérica en el concierto de los objetivos de relaciones económico - políticas del gobierno peronista.\nEl tercer escenario, bajo la hegemonía del diseño moderno en la Argentina, trata sobre las diversas acciones del Centro de Investigación de Diseño Industrial, CIDI, institución a través de la cual se evidencian los avatares político y económicos, en torno de la inserción del campo del diseño en diversas áreas y las trayectorias de empresas que incluyeron al diseño como parte de su política empresaria.</marc:subfield>
    </marc:datafield>
    <marc:datafield tag="520" ind1=" " ind2=" ">
      <marc:subfield code="a">Doctor de la Universidad de Buenos Aires, Área Diseño</marc:subfield>
    </marc:datafield>
    <marc:datafield tag="540" ind1=" " ind2=" ">
      <marc:subfield code="a">info:eu-repo/semantics/openAccess</marc:subfield>
    </marc:datafield>
    <marc:datafield tag="540" ind1=" " ind2=" ">
      <marc:subfield code="a">https://creativecommons.org/licenses/by-nc-nd/2.5/ar/</marc:subfield>
    </marc:datafield>
    <marc:datafield tag="546" ind1=" " ind2=" ">
      <marc:subfield code="a">spa</marc:subfield>
    </marc:datafield>
    <marc:datafield tag="690" ind1=" " ind2=" ">
      <marc:subfield code="a">Argentina</marc:subfield>
    </marc:datafield>
    <marc:datafield tag="690" ind1=" " ind2=" ">
      <marc:subfield code="a">Diseño</marc:subfield>
    </marc:datafield>
    <marc:datafield tag="690" ind1=" " ind2=" ">
      <marc:subfield code="a">Economía</marc:subfield>
    </marc:datafield>
    <marc:datafield tag="690" ind1=" " ind2=" ">
      <marc:subfield code="a">Política</marc:subfield>
    </marc:datafield>
    <marc:datafield tag="690" ind1=" " ind2=" ">
      <marc:subfield code="a">Tecnología</marc:subfield>
    </marc:datafield>
    <marc:datafield tag="690" ind1=" " ind2=" ">
      <marc:subfield code="a">Investigación</marc:subfield>
    </marc:datafield>
    <marc:datafield tag="690" ind1=" " ind2=" ">
      <marc:subfield code="a">Diseño industrial</marc:subfield>
    </marc:datafield>
    <marc:datafield tag="690" ind1=" " ind2=" ">
      <marc:subfield code="a">Industrias</marc:subfield>
    </marc:datafield>
    <marc:datafield tag="690" ind1=" " ind2=" ">
      <marc:subfield code="a">Historia</marc:subfield>
    </marc:datafield>
    <marc:datafield tag="690" ind1=" " ind2=" ">
      <marc:subfield code="a">Desarrollo</marc:subfield>
    </marc:datafield>
    <marc:datafield tag="690" ind1=" " ind2=" ">
      <marc:subfield code="a">Industrialización</marc:subfield>
    </marc:datafield>
    <marc:datafield tag="690" ind1=" " ind2=" ">
      <marc:subfield code="a">Industria automotriz</marc:subfield>
    </marc:datafield>
    <marc:datafield tag="690" ind1=" " ind2=" ">
      <marc:subfield code="a">Industria metalúrgica</marc:subfield>
    </marc:datafield>
    <marc:datafield tag="690" ind1=" " ind2=" ">
      <marc:subfield code="a">Vanguardias</marc:subfield>
    </marc:datafield>
    <marc:datafield tag="691" ind1=" " ind2=" ">
      <marc:subfield code="a">Siglo XX</marc:subfield>
    </marc:datafield>
    <marc:datafield tag="655" ind1="7" ind2=" ">
      <marc:subfield code="a">info:eu-repo/semantics/doctoralThesis</marc:subfield>
      <marc:subfield code="2">local</marc:subfield>
    </marc:datafield>
    <marc:datafield tag="655" ind1="7" ind2=" ">
      <marc:subfield code="a">info:ar-repo/semantics/tesis doctoral</marc:subfield>
      <marc:subfield code="2">local</marc:subfield>
    </marc:datafield>
    <marc:datafield tag="655" ind1="7" ind2=" ">
      <marc:subfield code="a">info:eu-repo/semantics/acceptedVersion</marc:subfield>
      <marc:subfield code="2">local</marc:subfield>
    </marc:datafield>
    <marc:datafield tag="100" ind1="1" ind2="0">
      <marc:subfield code="a">Sánchez, Sandra Inés</marc:subfield>
      <marc:subfield code="e">contributor</marc:subfield>
    </marc:datafield>
    <marc:datafield tag="100" ind1="1" ind2="0">
      <marc:subfield code="a">Iglesia, Rafael E. J.</marc:subfield>
      <marc:subfield code="e">contributor</marc:subfield>
    </marc:datafield>
    <marc:datafield tag="100" ind1="1" ind2="0">
      <marc:subfield code="a">Blanco, Ricardo</marc:subfield>
      <marc:subfield code="e">contributor</marc:subfield>
    </marc:datafield>
    <marc:datafield tag="100" ind1="1" ind2="0">
      <marc:subfield code="a">Pujol Romero, Mónica</marc:subfield>
      <marc:subfield code="e">contributor</marc:subfield>
    </marc:datafield>
    <marc:datafield tag="100" ind1="1" ind2="0">
      <marc:subfield code="a">Capeletti, Daniel</marc:subfield>
      <marc:subfield code="e">contributor</marc:subfield>
    </marc:datafield>
    <marc:datafield tag="856" ind1="4" ind2="1">
      <marc:subfield code="u">https://repositoriouba.sisbi.uba.ar/gsdl/collect/aaqtesis/index/assoc/HWA_7077.dir/7077.PDF</marc:subfield>
      <marc:subfield code="z">Connect to this object online.</marc:subfield>
    </marc:datafield>
  </marc:record>