
  <marc:record>
    <marc:leader>08755 am a  005533u     </marc:leader>
    <marc:datafield tag="042" ind1=" " ind2=" ">
      <marc:subfield code="a">dc</marc:subfield>
    </marc:datafield>
    <marc:datafield tag="100" ind1="1" ind2="0">
      <marc:subfield code="a">Kullock, David</marc:subfield>
      <marc:subfield code="e">author</marc:subfield>
    </marc:datafield>
    <marc:datafield tag="245" ind1="0" ind2="0">
      <marc:subfield code="a">La U de la FADU : del Instituto de Urbanismo al PROPUR (1948-2018) : contextos, paradigmas y modalidades de enseñanza del urbanismo en la UBA</marc:subfield>
    </marc:datafield>
    <marc:datafield tag="246" ind1="3" ind2="3">
      <marc:subfield code="a">The "U" of the Faculty of Architecture, Design and Urbanism : from the Urbanism Institute to PROPUR (1948-2018) : contexts, paradigms and teaching modalities at the University of Buenos Aires</marc:subfield>
    </marc:datafield>
    <marc:datafield tag="260" ind1=" " ind2=" ">
      <marc:subfield code="b">Universidad de Buenos Aires. Facultad de Arquitectura, Diseño y Urbanismo, </marc:subfield>
      <marc:subfield code="c">2021-06-10.</marc:subfield>
    </marc:datafield>
    <marc:datafield tag="500" ind1=" " ind2=" ">
      <marc:subfield code="a">1948-2018</marc:subfield>
    </marc:datafield>
    <marc:datafield tag="500" ind1=" " ind2=" ">
      <marc:subfield code="a">http://repositoriouba.sisbi.uba.ar/gsdl/cgi-bin/library.cgi?a=d&amp;c=aaqtesis&amp;cl=CL1&amp;d=HWA_6543</marc:subfield>
    </marc:datafield>
    <marc:datafield tag="520" ind1=" " ind2=" ">
      <marc:subfield code="a">This year (2018) it was 7 decades since the creation of the Higher Course in Urbanism of the Faculty of Architecture of Architecture and Urbanism of the University of Buenos Aires. Seventy years of the life of a graduate degree, taught almost continuously, raises various questions. Given that it is impossible that it has remained immovable in a field of knowledge and of doing that underwent arduous debates and transformations during that course, what stages can we distinguish in this long trajectory? We should also ask ourselves if, despite them, there has been a specificity of its own that has allowed it to survive. The work that is presented, tries to answer these questions and rescue from oblivion the creation and history of the postgraduate teaching of Urbanism at the UBA. The task had its complexities, since it is considered as a hypothesis that the teaching of Urbanism is strongly related to another series of processes: the political moments, the current paradigms, the actors who play a leading role, the urban proposals that are being formulated and the urban interventions that have concrete execution, among others. Given the hypothesis adopted, it was also necessary to consider the most salient features of these other issues, and not only in the 7 decades of the postgraduate's existence, but also during the previous period in which the discipline was constituted, in order to understand the genesis of the teaching of Urbanism. The work developed from primary and secondary information revealed the presence of two very different periods. Until the democratic restoration of 1983, it was a postgraduate course tied to the postulates of an urbanism that, in the best of cases, we can frame as a "scientific" made up with a multidisciplinary nuance, developing a training in which the spatial dimension dominated so much the interpretation of reality as the prescriptions for its utopian optimization, open exclusively to a student body who had to come from architecture (or be an engineer who had redeemed himself by studying Urbanism at the same Faculty of Architecture and Urbanism), dictated by a teaching staff where it was essential to be an architect (or an engineer graduated as Urban and Rural Planning) or, if it was not, present close ideological ties with the almost stable trunk of the teaching body. Almost 20 years of ideological backwardness had to be recovered by incorporating strategic criteria, multidisciplinary visions, community participation as a source of demands and specific knowledge; the revaluation of actions on local spaces as well as the consideration of regional contextualisation; the incorporation of the environmental issue, the transforming capacity of urban projects, provided that they were inserted in a development strategy. The reason for undertaking this task lay in the conviction that it can be useful, not to relate the past as an evolutionary-cumulative history, but to understand the conflicts, debates and mediations that express the way in which institutions and Actors position themselves and redefine disciplinary inheritances, and how these transformations are linked to the different historical cycles of the country.</marc:subfield>
    </marc:datafield>
    <marc:datafield tag="520" ind1=" " ind2=" ">
      <marc:subfield code="a">Fil: Kullock, David. Universidad de Buenos Aires. Facultad de Arquitectura, Diseño y Urbanismo. Buenos Aires, Argentina</marc:subfield>
    </marc:datafield>
    <marc:datafield tag="520" ind1=" " ind2=" ">
      <marc:subfield code="a">Este año (2018) se cumplieron 7 décadas de la creación del Curso Superior de Urbanismo de la Facultad de Arquitectura de Arquitectura y Urbanismo de la Universidad de Buenos Aires. Setenta años de vida de un posgrado, dictado casi ininterrumpidamente, plantea diversos interrogantes. Dado que es imposible que haya permanecido inamovible en un campo del saber y del hacer que vivió en ese transcurso arduos debates y transformaciones, ¿qué etapas podemos distinguir en esta prolongada trayectoria? También deberíamos preguntarnos si, a pesar de ellas, ha habido una especificidad propia que le ha permitido subsistir. El trabajo que se presenta, pretende contestar estos interrogantes y rescatar del olvido la creación e historia de la enseñanza de posgrado de Urbanismo en la UBA. La tarea tuvo sus complejidades, ya que se considera como hipótesis que la enseñanza del Urbanismo está fuertemente relacionada con otra serie de procesos: los momentos políticos, los paradigmas vigentes, los actores que la protagonizan, las propuestas urbanísticas que se van formulando y las intervenciones urbanas que tienen ejecución concreta, entre otros. Dada la hipótesis adoptada, también fue necesario considerar los rasgos más destacados de esas otras cuestiones, y no tan sólo en las 7 décadas de existencia del posgrado, sino también durante el período previo en el cual se constituyó la disciplina, para comprender la génesis de la enseñanza del Urbanismo. El trabajo desarrollado a partir de información primaria y secundaria, reveló la presencia de dos períodos muy diferenciados. Hasta la restauración democrática de 1983, fue un posgrado amarrado a los postulados de un urbanismo que, en el mejor de los casos, podemos encuadrar como "científico" maquillado con un matiz de multidisciplina, desarrollando una formación en la cual la dimensión espacial hegemonizaba tanto la interpretación de la realidad como las prescripciones para su utópica optimización, abierto exclusivamente a un alumnado que debía provenir de la arquitectura (o ser ingeniero que se hubiese redimido cursando Urbanismo en la misma FAU), dictado por un plantel docente donde era imprescindible ser arquitecto (o ingeniero egresado como PUR) o, si no se lo era, presentar estrechos lazos ideológicos con el tronco casi estable del cuerpo docente. Se tuvo que recuperar casi 20 años de atraso ideológico mediante la incorporación de criterios estratégicos, visiones multidisciplinarias, la participación comunitaria como fuente de demandas y de un saber específico, la revalorización del accionar sobre los espacios locales así como la consideración de las regiones de inserción, la incorporación de la cuestión ambiental, la capacidad transformadora de los proyectos urbanos siempre que estuvieran insertos en una estrategia global de desarrollo. La razón de ser de encarar esta tarea, residió en el convencimiento de que puede ser útil, no para relatar el pasado como una historia evolutiva-acumulativa, sino para entender los conflictos, debates y mediaciones que expresan el modo en que las instituciones y los actores se posicionan y redefinen herencias disciplinares, y cómo se vinculan esas transformaciones con los distintos ciclos históricos del país.</marc:subfield>
    </marc:datafield>
    <marc:datafield tag="520" ind1=" " ind2=" ">
      <marc:subfield code="a">Doctor de la Universidad de Buenos Aires, Área Urbanismo</marc:subfield>
    </marc:datafield>
    <marc:datafield tag="540" ind1=" " ind2=" ">
      <marc:subfield code="a">info:eu-repo/semantics/openAccess</marc:subfield>
    </marc:datafield>
    <marc:datafield tag="540" ind1=" " ind2=" ">
      <marc:subfield code="a">https://creativecommons.org/licenses/by-nc-nd/2.5/ar/</marc:subfield>
    </marc:datafield>
    <marc:datafield tag="546" ind1=" " ind2=" ">
      <marc:subfield code="a">spa</marc:subfield>
    </marc:datafield>
    <marc:datafield tag="690" ind1=" " ind2=" ">
      <marc:subfield code="a">Urbanismo</marc:subfield>
    </marc:datafield>
    <marc:datafield tag="690" ind1=" " ind2=" ">
      <marc:subfield code="a">Planificación urbana</marc:subfield>
    </marc:datafield>
    <marc:datafield tag="690" ind1=" " ind2=" ">
      <marc:subfield code="a">Formación de posgrado</marc:subfield>
    </marc:datafield>
    <marc:datafield tag="690" ind1=" " ind2=" ">
      <marc:subfield code="a">FADU</marc:subfield>
    </marc:datafield>
    <marc:datafield tag="690" ind1=" " ind2=" ">
      <marc:subfield code="a">UBA</marc:subfield>
    </marc:datafield>
    <marc:datafield tag="690" ind1=" " ind2=" ">
      <marc:subfield code="a">Urbanism</marc:subfield>
    </marc:datafield>
    <marc:datafield tag="690" ind1=" " ind2=" ">
      <marc:subfield code="a">Urban planning</marc:subfield>
    </marc:datafield>
    <marc:datafield tag="690" ind1=" " ind2=" ">
      <marc:subfield code="a">Postgraduate training</marc:subfield>
    </marc:datafield>
    <marc:datafield tag="690" ind1=" " ind2=" ">
      <marc:subfield code="a">Faculty of Architecture, Design and Urbanism</marc:subfield>
    </marc:datafield>
    <marc:datafield tag="690" ind1=" " ind2=" ">
      <marc:subfield code="a">University of Buenos Aires</marc:subfield>
    </marc:datafield>
    <marc:datafield tag="690" ind1=" " ind2=" ">
      <marc:subfield code="a">Educación superior</marc:subfield>
    </marc:datafield>
    <marc:datafield tag="690" ind1=" " ind2=" ">
      <marc:subfield code="a">Posgrados</marc:subfield>
    </marc:datafield>
    <marc:datafield tag="690" ind1=" " ind2=" ">
      <marc:subfield code="a">Historia</marc:subfield>
    </marc:datafield>
    <marc:datafield tag="690" ind1=" " ind2=" ">
      <marc:subfield code="a">Desarrollo</marc:subfield>
    </marc:datafield>
    <marc:datafield tag="690" ind1=" " ind2=" ">
      <marc:subfield code="a">Enseñanza</marc:subfield>
    </marc:datafield>
    <marc:datafield tag="690" ind1=" " ind2=" ">
      <marc:subfield code="a">Planes de estudio</marc:subfield>
    </marc:datafield>
    <marc:datafield tag="690" ind1=" " ind2=" ">
      <marc:subfield code="a">Metodologías</marc:subfield>
    </marc:datafield>
    <marc:datafield tag="690" ind1=" " ind2=" ">
      <marc:subfield code="a">Egresados</marc:subfield>
    </marc:datafield>
    <marc:datafield tag="690" ind1=" " ind2=" ">
      <marc:subfield code="a">Docentes</marc:subfield>
    </marc:datafield>
    <marc:datafield tag="690" ind1=" " ind2=" ">
      <marc:subfield code="a">Urbanismo</marc:subfield>
    </marc:datafield>
    <marc:datafield tag="691" ind1=" " ind2=" ">
      <marc:subfield code="a">Argentina</marc:subfield>
    </marc:datafield>
    <marc:datafield tag="691" ind1=" " ind2=" ">
      <marc:subfield code="a">Buenos Aires, Ciudad</marc:subfield>
    </marc:datafield>
    <marc:datafield tag="655" ind1="7" ind2=" ">
      <marc:subfield code="a">info:eu-repo/semantics/doctoralThesis</marc:subfield>
      <marc:subfield code="2">local</marc:subfield>
    </marc:datafield>
    <marc:datafield tag="655" ind1="7" ind2=" ">
      <marc:subfield code="a">info:ar-repo/semantics/tesis doctoral</marc:subfield>
      <marc:subfield code="2">local</marc:subfield>
    </marc:datafield>
    <marc:datafield tag="655" ind1="7" ind2=" ">
      <marc:subfield code="a">info:eu-repo/semantics/acceptedVersion</marc:subfield>
      <marc:subfield code="2">local</marc:subfield>
    </marc:datafield>
    <marc:datafield tag="100" ind1="1" ind2="0">
      <marc:subfield code="a">Novick, Alicia</marc:subfield>
      <marc:subfield code="e">contributor</marc:subfield>
    </marc:datafield>
    <marc:datafield tag="100" ind1="1" ind2="0">
      <marc:subfield code="a">Gutman, Margarita</marc:subfield>
      <marc:subfield code="e">contributor</marc:subfield>
    </marc:datafield>
    <marc:datafield tag="100" ind1="1" ind2="0">
      <marc:subfield code="a">Cicutti, Bibiana</marc:subfield>
      <marc:subfield code="e">contributor</marc:subfield>
    </marc:datafield>
    <marc:datafield tag="100" ind1="1" ind2="0">
      <marc:subfield code="a">Bragos, Oscar</marc:subfield>
      <marc:subfield code="e">contributor</marc:subfield>
    </marc:datafield>
    <marc:datafield tag="856" ind1="4" ind2="1">
      <marc:subfield code="u">https://repositoriouba.sisbi.uba.ar/gsdl/collect/aaqtesis/index/assoc/HWA_6543.dir/6543.PDF</marc:subfield>
      <marc:subfield code="z">Connect to this object online.</marc:subfield>
    </marc:datafield>
  </marc:record>