
  <marc:record>
    <marc:leader>07608 am a  005293u     </marc:leader>
    <marc:datafield tag="042" ind1=" " ind2=" ">
      <marc:subfield code="a">dc</marc:subfield>
    </marc:datafield>
    <marc:datafield tag="100" ind1="1" ind2="0">
      <marc:subfield code="a">Molinos, Rita</marc:subfield>
      <marc:subfield code="e">author</marc:subfield>
    </marc:datafield>
    <marc:datafield tag="245" ind1="0" ind2="0">
      <marc:subfield code="a">Imágenes que cuentan : iconotextos e historiografía para la arquitectura moderna</marc:subfield>
    </marc:datafield>
    <marc:datafield tag="246" ind1="3" ind2="3">
      <marc:subfield code="a">Images that narrate : iconotexts and historiography for modern architecture</marc:subfield>
    </marc:datafield>
    <marc:datafield tag="260" ind1=" " ind2=" ">
      <marc:subfield code="b">Universidad de Buenos Aires. Facultad de Arquitectura, Diseño y Urbanismo, </marc:subfield>
      <marc:subfield code="c">2016-08-12.</marc:subfield>
    </marc:datafield>
    <marc:datafield tag="500" ind1=" " ind2=" ">
      <marc:subfield code="a">http://repositoriouba.sisbi.uba.ar/gsdl/cgi-bin/library.cgi?a=d&amp;c=aaqtesis&amp;cl=CL1&amp;d=HWA_5431</marc:subfield>
    </marc:datafield>
    <marc:datafield tag="520" ind1=" " ind2=" ">
      <marc:subfield code="a">This thesis can be understood, synthetically, as a development that:\n* studies the functions of printed images and the relationships between visual strategies and the historiographic script, in three books on the history of modern architecture, with original versions published in 1941, 1950 and 1960; successively reprinted and reissued. These are the works (cited respectively, according to those first editions): Sigfried Giedion, Space, Time and Architecture: The Growth of a New Tradition (Cambridge, MA: Harvard University Press), Bruno Zevi, Storia della Architettura Moderna (Turin: Enaudi) and Leonardo Benévolo, Storia della Architettura Moderna (Rome-Bari: Laterza);\n* observes the divergences between the three stories considering what has been raised by recent historiographical reviews regarding the differences between their authors and raises the problem of narrative differences at the level of the images is raised, as a new issue;\n* observes the images and graphic strategies as an alternative entryway for an intensive, denatured and disaggregated reading, where the visual contents can be indicative keys towards the interpretation of the three successive stories;\n* also understands that these books formed a set that stimulated the perception and diffusion of the doctrinal and the canonical and that resulted in a Modern Movement. In the duration of its biblio-historiographical construction, these differences were flattened, remaining unnoticed or forgettable for the reading public in the face of what -it was supposed- they coincided;\n* responds to a series of general questions raised from the recognition of the communicative importance of a profuse but not unlimited set of photographs, diagrams, tables and figures present in these successful products of disciplinary print culture. To what extent are their textual discourses or can they be understood exclusively independent of what the iconographic contribution implies? and What do these repertoires of images add?; How do they deviate -if they do- the meaning of the texts? And, from the historiographic order, it is posed what singular and successive distinctions do these illustrated stories offer, and how can they be understood as an accumulated set of the canonical aspects of the Modern Movement?;\n* It is assumed as an advance in the sense proposed by historiophoty, a subfield of narrative historiography, which combines narrative, history, image and medium in its subject matter. From this perspective, it proposes an observation of the functions of communication as units of the corpus and as an iconotextual genre for these stories, providing theoretical and methodological aspects applicable to future research.</marc:subfield>
    </marc:datafield>
    <marc:datafield tag="520" ind1=" " ind2=" ">
      <marc:subfield code="a">Fil: Molinos, Rita Laura. Universidad de Buenos Aires. Facultad de Arquitectura, Diseño y Urbanismo. Buenos Aires, Argentina</marc:subfield>
    </marc:datafield>
    <marc:datafield tag="520" ind1=" " ind2=" ">
      <marc:subfield code="a">Esta tesis se puede entender, sintéticamente, como un desarrollo que:\n* estudia las funciones de las imágenes impresas y las relaciones entre las estrategias visuales y el guion historiográfico, en tres libros de historia de la arquitectura moderna, con versiones originales editadas en 1941, 1950 y 1960; sucesivamente reimpresos y reeditados. Se trata de las obras (citadas respectivamente, según esas primeras ediciones): Sigfried Giedion, Space, Time and Architecture: The Growth of a New Tradition (Cambridge, MA: Harvard University Press), Bruno Zevi, Storia della Architettura Moderna (Turín: Enaudi) y Leonardo Benévolo, Storia della Architettura Moderna (Roma-Bari: Laterza);\n* atiende a las divergencias entre las tres historias considerando lo planteado por recientes revisiones historiográficas en cuanto a las diferencias entre sus autores y se plantea el problema de las diferencias de relato en el plano de las imágenes, asunto que no ha sido tratado;\n* observa las imágenes y estrategias gráficas como una vía de entrada alternativa para una lectura intensiva, desnaturalizada y desagregada, en donde los contenidos visuales pueden ser claves indiciales hacia la interpretación de las tres sucesivas historias;\n* entiende también que estos libros formaron un conjunto que estimuló la percepción y difusión de lo doctrinal y lo canónico y que dio como resultado un Movimiento Moderno. En la duración de su construcción biblio-historiográfica se aplanaron esas diferencias, quedando inadvertidas u olvidables para el público lector frente a aquello en lo que -se supuso- coincidían;\n* responde a una serie de interrogantes generales planteados a partir del reconocimiento de la importancia comunicativa de un profuso aunque no ilimitado conjunto de fotografías, diagramas, cuadros y figuras presentes en esos exitosos productos de la cultura impresa disciplinar. ¿Hasta qué punto sus discursos textuales son o pueden ser entendidos exclusivamente independientes de lo que supone el aporte iconográfico? y ¿qué agregan estos repertorios de imágenes; en qué desvían -si es que lo hacen- el sentido de los textos? En definitiva, desde el orden historiográfico, se plantea ¿qué distinciones singulares y sucesivas ofrecen estas historias ilustradas, y cómo pueden ser entendidas como conjunto acumulado de los aspectos canónicos del Movimiento Moderno?;\n* se asume como un avance en el sentido propuesto por la historiofotía, subcampo de la historiografía narrativista, que conjuga en su temática, narración, historia, imagen y medio. Plantea, dentro de esa perspectiva, una observación de las funciones de la comunicación en tanto unidades del corpus y en tanto género iconotextual para estas historias, aportando aspectos teóricos y metodológicos aplicables a futuras investigaciones.</marc:subfield>
    </marc:datafield>
    <marc:datafield tag="520" ind1=" " ind2=" ">
      <marc:subfield code="a">Doctora de la Universidad de Buenos Aires, Área Arquitectura</marc:subfield>
    </marc:datafield>
    <marc:datafield tag="540" ind1=" " ind2=" ">
      <marc:subfield code="a">info:eu-repo/semantics/openAccess</marc:subfield>
    </marc:datafield>
    <marc:datafield tag="540" ind1=" " ind2=" ">
      <marc:subfield code="a">https://creativecommons.org/licenses/by-nc-nd/2.5/ar/</marc:subfield>
    </marc:datafield>
    <marc:datafield tag="546" ind1=" " ind2=" ">
      <marc:subfield code="a">spa</marc:subfield>
    </marc:datafield>
    <marc:datafield tag="690" ind1=" " ind2=" ">
      <marc:subfield code="a">Iconotextos</marc:subfield>
    </marc:datafield>
    <marc:datafield tag="690" ind1=" " ind2=" ">
      <marc:subfield code="a">Historiografía</marc:subfield>
    </marc:datafield>
    <marc:datafield tag="690" ind1=" " ind2=" ">
      <marc:subfield code="a">Arquitectura moderna</marc:subfield>
    </marc:datafield>
    <marc:datafield tag="690" ind1=" " ind2=" ">
      <marc:subfield code="a">Historiofotía</marc:subfield>
    </marc:datafield>
    <marc:datafield tag="690" ind1=" " ind2=" ">
      <marc:subfield code="a">Écfrasis</marc:subfield>
    </marc:datafield>
    <marc:datafield tag="690" ind1=" " ind2=" ">
      <marc:subfield code="a">Iconotexts</marc:subfield>
    </marc:datafield>
    <marc:datafield tag="690" ind1=" " ind2=" ">
      <marc:subfield code="a">Historiography</marc:subfield>
    </marc:datafield>
    <marc:datafield tag="690" ind1=" " ind2=" ">
      <marc:subfield code="a">Modern architecture</marc:subfield>
    </marc:datafield>
    <marc:datafield tag="690" ind1=" " ind2=" ">
      <marc:subfield code="a">Historiophoty</marc:subfield>
    </marc:datafield>
    <marc:datafield tag="690" ind1=" " ind2=" ">
      <marc:subfield code="a">Ekphrasis</marc:subfield>
    </marc:datafield>
    <marc:datafield tag="690" ind1=" " ind2=" ">
      <marc:subfield code="a">Investigación</marc:subfield>
    </marc:datafield>
    <marc:datafield tag="690" ind1=" " ind2=" ">
      <marc:subfield code="a">Iconografía</marc:subfield>
    </marc:datafield>
    <marc:datafield tag="690" ind1=" " ind2=" ">
      <marc:subfield code="a">Textos</marc:subfield>
    </marc:datafield>
    <marc:datafield tag="690" ind1=" " ind2=" ">
      <marc:subfield code="a">Imágenes</marc:subfield>
    </marc:datafield>
    <marc:datafield tag="690" ind1=" " ind2=" ">
      <marc:subfield code="a">Comunicación visual</marc:subfield>
    </marc:datafield>
    <marc:datafield tag="690" ind1=" " ind2=" ">
      <marc:subfield code="a">Giedion, Sigfried</marc:subfield>
    </marc:datafield>
    <marc:datafield tag="690" ind1=" " ind2=" ">
      <marc:subfield code="a">Zevi, Bruno</marc:subfield>
    </marc:datafield>
    <marc:datafield tag="690" ind1=" " ind2=" ">
      <marc:subfield code="a">Benevolo, Leonardo</marc:subfield>
    </marc:datafield>
    <marc:datafield tag="690" ind1=" " ind2=" ">
      <marc:subfield code="a">Arquitectura</marc:subfield>
    </marc:datafield>
    <marc:datafield tag="691" ind1=" " ind2=" ">
      <marc:subfield code="a">Siglo XX</marc:subfield>
    </marc:datafield>
    <marc:datafield tag="655" ind1="7" ind2=" ">
      <marc:subfield code="a">info:eu-repo/semantics/doctoralThesis</marc:subfield>
      <marc:subfield code="2">local</marc:subfield>
    </marc:datafield>
    <marc:datafield tag="655" ind1="7" ind2=" ">
      <marc:subfield code="a">info:ar-repo/semantics/tesis doctoral</marc:subfield>
      <marc:subfield code="2">local</marc:subfield>
    </marc:datafield>
    <marc:datafield tag="655" ind1="7" ind2=" ">
      <marc:subfield code="a">info:eu-repo/semantics/acceptedVersion</marc:subfield>
      <marc:subfield code="2">local</marc:subfield>
    </marc:datafield>
    <marc:datafield tag="100" ind1="1" ind2="0">
      <marc:subfield code="a">Gutman, Margarita</marc:subfield>
      <marc:subfield code="e">contributor</marc:subfield>
    </marc:datafield>
    <marc:datafield tag="100" ind1="1" ind2="0">
      <marc:subfield code="a">Iglesia, Rafael</marc:subfield>
      <marc:subfield code="e">contributor</marc:subfield>
    </marc:datafield>
    <marc:datafield tag="100" ind1="1" ind2="0">
      <marc:subfield code="a">Aliata, Fernando</marc:subfield>
      <marc:subfield code="e">contributor</marc:subfield>
    </marc:datafield>
    <marc:datafield tag="100" ind1="1" ind2="0">
      <marc:subfield code="a">Maestripieri, Eduardo</marc:subfield>
      <marc:subfield code="e">contributor</marc:subfield>
    </marc:datafield>
    <marc:datafield tag="100" ind1="1" ind2="0">
      <marc:subfield code="a">Wolkowicz, Daniel</marc:subfield>
      <marc:subfield code="e">contributor</marc:subfield>
    </marc:datafield>
    <marc:datafield tag="856" ind1="4" ind2="1">
      <marc:subfield code="u">https://repositoriouba.sisbi.uba.ar/gsdl/collect/aaqtesis/index/assoc/HWA_5431.dir/5431.PDF</marc:subfield>
      <marc:subfield code="z">Connect to this object online.</marc:subfield>
    </marc:datafield>
  </marc:record>