
  <marc:record>
    <marc:leader>06006 am a  005773u     </marc:leader>
    <marc:datafield tag="042" ind1=" " ind2=" ">
      <marc:subfield code="a">dc</marc:subfield>
    </marc:datafield>
    <marc:datafield tag="100" ind1="1" ind2="0">
      <marc:subfield code="a">Dmuchowsky, Jimena</marc:subfield>
      <marc:subfield code="e">author</marc:subfield>
    </marc:datafield>
    <marc:datafield tag="245" ind1="0" ind2="0">
      <marc:subfield code="a">Movilidad urbana, género y planificación : el derecho a la movilidad urbana en el corredor sudoeste de la Región Metropolitana de Buenos Aires desde una perspectiva de género</marc:subfield>
    </marc:datafield>
    <marc:datafield tag="246" ind1="3" ind2="3">
      <marc:subfield code="a">Urban mobility, gender and planning : mobility right in the southwest corridor of the Buenos Metropolitan Region from a gender perspective</marc:subfield>
    </marc:datafield>
    <marc:datafield tag="260" ind1=" " ind2=" ">
      <marc:subfield code="b">Universidad de Buenos Aires. Facultad de Arquitectura, Diseño y Urbanismo, </marc:subfield>
      <marc:subfield code="c">2022-07-29.</marc:subfield>
    </marc:datafield>
    <marc:datafield tag="500" ind1=" " ind2=" ">
      <marc:subfield code="a">http://repositoriouba.sisbi.uba.ar/gsdl/cgi-bin/library.cgi?a=d&amp;c=aaqtesis&amp;cl=CL1&amp;d=HWA_6887</marc:subfield>
    </marc:datafield>
    <marc:datafield tag="520" ind1=" " ind2=" ">
      <marc:subfield code="a">In the first decades of this century, the issue of mobility in groups distinguished by age, physical conditions, gender, were problematized with a greater number and types of studies, recognizing the need to understand that populations are heterogeneous, with characteristics that define them and affect their behaviors. In this way, in the mobility fild, the observation, understanding and systematization of modal choices, focusing on motivations, has become the subject of a large number of researches, in order to trying to understand and develop patterns that explain their behaviors. We are interested in studying women's mobility, in particular their modal choices, their motives and perceptions, based on some assumptions or lines of research: first, women's mobility is oriented towards the use of public transport or active modes, to the detriment of the private car, reserved mostly for men?s choices; secondly, women make more trips to satisfy care activities, generally located near their residences. In this sense, in the following work, it will be proposed to analyze the women?s mobility , in the Buenos Aires Metropolitan Region, based on the data that from the EnMoDo household surveys carried out in 2009 - 2010 by PTUMA and in the survey carry out in 2014 by the INDEC, in capital cities of the southwest corridor. At the same time, we will proceed to analyze the mobility and gender public policies and the current plans in the territories under study, with the objective of carry out an evaluation of them, in order to elaborate reflections and recommendations that result in improvements for the exercise of their movements and a more inclusive and universal use of public space.</marc:subfield>
    </marc:datafield>
    <marc:datafield tag="520" ind1=" " ind2=" ">
      <marc:subfield code="a">Fil: Dmuchowsky, Jimena. Universidad de Buenos Aires. Facultad de Arquitectura, Diseño y Urbanismo. Buenos Aires, Argentina</marc:subfield>
    </marc:datafield>
    <marc:datafield tag="520" ind1=" " ind2=" ">
      <marc:subfield code="a">En las primeras décadas del presente siglo comenzó a problematizarse con mayor cantidad y tipologías de estudios, la cuestión de la movilidad en grupos diferenciados por edad, condiciones físicas, género, entre otras, reconociendo así la necesidad de entender que las poblaciones son heterogéneas, con características que los definen e inciden en sus comportamientos. De esta manera, en el campo disciplinar de la movilidad, la observación, el entendimiento y la sistematización de las elecciones modales, en particular de las mujeres, concentrándose a su vez en las motivaciones, se ha convertido en objeto de numerosas investigaciones, a fin de intentar comprender y elaborar patrones que expliquen sus conductas. Nos interesa indagar sobre la movilidad de las mujeres, en particular sus elecciones modales, sus motivos y percepciones, basándonos en algunos presupuestos o líneas de investigación: en primer lugar, la movilidad de las mujeres está orientada al uso de transportes públicos o modos activos, en detrimento del automóvil particular, reservado en su mayoría para las elecciones de los hombres; en segundo lugar, las mujeres realizan mayor cantidad de viajes para satisfacer actividades de cuidado, por lo general emplazadas en las cercanías de sus residencias. En este sentido, en el siguiente trabajo, se propondrá analizar la movilidad de las mujeres, en la Región Metropolitana de Buenos Aires, a partir de los datos que se puedan extraer de las encuestas domiciliarias EnMoDo ejecutadas en 2009 ? 2010 por PTUMA y en 2014 por el INDEC, en ciudades cabecera de municipios del corredor sudoeste. A su vez, se procederá al análisis de las políticas públicas de movilidad y género y los planes vigentes en los territorios en estudio, a fin de llevar adelante una evaluación de los mismos, en vistas a elaborar reflexiones y recomendaciones que redunden en mejoras para el ejercicio de sus desplazamientos y un uso más inclusivo y universal del espacio público.</marc:subfield>
    </marc:datafield>
    <marc:datafield tag="520" ind1=" " ind2=" ">
      <marc:subfield code="a">Doctora de la Universidad de Buenos Aires, Área Urbanismo</marc:subfield>
    </marc:datafield>
    <marc:datafield tag="540" ind1=" " ind2=" ">
      <marc:subfield code="a">info:eu-repo/semantics/openAccess</marc:subfield>
    </marc:datafield>
    <marc:datafield tag="540" ind1=" " ind2=" ">
      <marc:subfield code="a">https://creativecommons.org/licenses/by-nc-nd/2.5/ar/</marc:subfield>
    </marc:datafield>
    <marc:datafield tag="546" ind1=" " ind2=" ">
      <marc:subfield code="a">spa</marc:subfield>
    </marc:datafield>
    <marc:datafield tag="690" ind1=" " ind2=" ">
      <marc:subfield code="a">Movilidad</marc:subfield>
    </marc:datafield>
    <marc:datafield tag="690" ind1=" " ind2=" ">
      <marc:subfield code="a">Género</marc:subfield>
    </marc:datafield>
    <marc:datafield tag="690" ind1=" " ind2=" ">
      <marc:subfield code="a">Planificación</marc:subfield>
    </marc:datafield>
    <marc:datafield tag="690" ind1=" " ind2=" ">
      <marc:subfield code="a">Políticas públicas</marc:subfield>
    </marc:datafield>
    <marc:datafield tag="690" ind1=" " ind2=" ">
      <marc:subfield code="a">Región Metropolitana</marc:subfield>
    </marc:datafield>
    <marc:datafield tag="690" ind1=" " ind2=" ">
      <marc:subfield code="a">Mobility</marc:subfield>
    </marc:datafield>
    <marc:datafield tag="690" ind1=" " ind2=" ">
      <marc:subfield code="a">Gender</marc:subfield>
    </marc:datafield>
    <marc:datafield tag="690" ind1=" " ind2=" ">
      <marc:subfield code="a">Planning</marc:subfield>
    </marc:datafield>
    <marc:datafield tag="690" ind1=" " ind2=" ">
      <marc:subfield code="a">Public policies</marc:subfield>
    </marc:datafield>
    <marc:datafield tag="690" ind1=" " ind2=" ">
      <marc:subfield code="a">Metropolitan Region</marc:subfield>
    </marc:datafield>
    <marc:datafield tag="690" ind1=" " ind2=" ">
      <marc:subfield code="a">Movilidad urbana</marc:subfield>
    </marc:datafield>
    <marc:datafield tag="690" ind1=" " ind2=" ">
      <marc:subfield code="a">Mujeres</marc:subfield>
    </marc:datafield>
    <marc:datafield tag="690" ind1=" " ind2=" ">
      <marc:subfield code="a">Espacio público</marc:subfield>
    </marc:datafield>
    <marc:datafield tag="690" ind1=" " ind2=" ">
      <marc:subfield code="a">Transporte público</marc:subfield>
    </marc:datafield>
    <marc:datafield tag="690" ind1=" " ind2=" ">
      <marc:subfield code="a">Urbanismo</marc:subfield>
    </marc:datafield>
    <marc:datafield tag="691" ind1=" " ind2=" ">
      <marc:subfield code="a">Argentina</marc:subfield>
    </marc:datafield>
    <marc:datafield tag="691" ind1=" " ind2=" ">
      <marc:subfield code="a">Buenos Aires, Ciudad</marc:subfield>
    </marc:datafield>
    <marc:datafield tag="691" ind1=" " ind2=" ">
      <marc:subfield code="a">Buenos Aires, Provincia</marc:subfield>
    </marc:datafield>
    <marc:datafield tag="691" ind1=" " ind2=" ">
      <marc:subfield code="a">Ezeiza</marc:subfield>
    </marc:datafield>
    <marc:datafield tag="691" ind1=" " ind2=" ">
      <marc:subfield code="a">Cañuelas</marc:subfield>
    </marc:datafield>
    <marc:datafield tag="691" ind1=" " ind2=" ">
      <marc:subfield code="a">Esteban Echeverría</marc:subfield>
    </marc:datafield>
    <marc:datafield tag="691" ind1=" " ind2=" ">
      <marc:subfield code="a">San Justo</marc:subfield>
    </marc:datafield>
    <marc:datafield tag="691" ind1=" " ind2=" ">
      <marc:subfield code="a">La Matanza</marc:subfield>
    </marc:datafield>
    <marc:datafield tag="691" ind1=" " ind2=" ">
      <marc:subfield code="a">Lobos</marc:subfield>
    </marc:datafield>
    <marc:datafield tag="691" ind1=" " ind2=" ">
      <marc:subfield code="a">Monte Grande</marc:subfield>
    </marc:datafield>
    <marc:datafield tag="655" ind1="7" ind2=" ">
      <marc:subfield code="a">info:eu-repo/semantics/doctoralThesis</marc:subfield>
      <marc:subfield code="2">local</marc:subfield>
    </marc:datafield>
    <marc:datafield tag="655" ind1="7" ind2=" ">
      <marc:subfield code="a">info:ar-repo/semantics/tesis doctoral</marc:subfield>
      <marc:subfield code="2">local</marc:subfield>
    </marc:datafield>
    <marc:datafield tag="655" ind1="7" ind2=" ">
      <marc:subfield code="a">info:eu-repo/semantics/acceptedVersion</marc:subfield>
      <marc:subfield code="2">local</marc:subfield>
    </marc:datafield>
    <marc:datafield tag="100" ind1="1" ind2="0">
      <marc:subfield code="a">Vidal-Koppmann, Sonia</marc:subfield>
      <marc:subfield code="e">contributor</marc:subfield>
    </marc:datafield>
    <marc:datafield tag="100" ind1="1" ind2="0">
      <marc:subfield code="a">Liberali, Ana María</marc:subfield>
      <marc:subfield code="e">contributor</marc:subfield>
    </marc:datafield>
    <marc:datafield tag="100" ind1="1" ind2="0">
      <marc:subfield code="a">Isunza, Georgina</marc:subfield>
      <marc:subfield code="e">contributor</marc:subfield>
    </marc:datafield>
    <marc:datafield tag="100" ind1="1" ind2="0">
      <marc:subfield code="a">Zambrini, Laura</marc:subfield>
      <marc:subfield code="e">contributor</marc:subfield>
    </marc:datafield>
    <marc:datafield tag="856" ind1="4" ind2="1">
      <marc:subfield code="u">https://repositoriouba.sisbi.uba.ar/gsdl/collect/aaqtesis/index/assoc/HWA_6887.dir/6887.PDF</marc:subfield>
      <marc:subfield code="z">Connect to this object online.</marc:subfield>
    </marc:datafield>
  </marc:record>