
  <marc:record>
    <marc:leader>08261 am a  006373u     </marc:leader>
    <marc:datafield tag="042" ind1=" " ind2=" ">
      <marc:subfield code="a">dc</marc:subfield>
    </marc:datafield>
    <marc:datafield tag="100" ind1="1" ind2="0">
      <marc:subfield code="a">Voto, Cristina</marc:subfield>
      <marc:subfield code="e">author</marc:subfield>
    </marc:datafield>
    <marc:datafield tag="245" ind1="0" ind2="0">
      <marc:subfield code="a">Cartografía del Diseño Audiovisual : mapas para atravesar un territorio de intersecciones</marc:subfield>
    </marc:datafield>
    <marc:datafield tag="246" ind1="3" ind2="3">
      <marc:subfield code="a">Cartography of the Audiovisual Design : maps to cross a territory of intersections</marc:subfield>
    </marc:datafield>
    <marc:datafield tag="260" ind1=" " ind2=" ">
      <marc:subfield code="b">Universidad de Buenos Aires. Facultad de Arquitectura, Diseño y Urbanismo, </marc:subfield>
      <marc:subfield code="c">2017-09-08.</marc:subfield>
    </marc:datafield>
    <marc:datafield tag="500" ind1=" " ind2=" ">
      <marc:subfield code="a">http://repositoriouba.sisbi.uba.ar/gsdl/cgi-bin/library.cgi?a=d&amp;c=aaqtesis&amp;cl=CL1&amp;d=HWA_3837</marc:subfield>
    </marc:datafield>
    <marc:datafield tag="520" ind1=" " ind2=" ">
      <marc:subfield code="a">The aim of this thesis is to reconstruct the cartographic and reciprocal space that Audiovisual Design occupies in the determination of the collective imaginary in order to think about approaches with which to contribute to the debate about its epistemic identity. It is in this sense that a definition of Audiovisual Design is organized in an essayistic way as a space for intersubjective thought --gnoseological, practical and epistemological-- since it is in this space where those who produce, use and circulate audiovisual forms and projects are related. This space is argumentatively constructed from the concept of territory, imagining it as a place where communicational knowledge, audiovisual practices and reproducibility policies intersect with the operative categories of format, device and montage. By means of this proposal, certain reciprocities are realized that can affect subjective bodies and audiovisual bodies from both the cognitive and the somatic as well as the pragmatic point of view. The hypothesis that guides the thesis is to think that the products of the Audiovisual Design can in-form and give-form to our way of perceiving, feeling and understanding the world and the events that inhabit it. In this sense, it is argued that in the territory of Audiovisual Design products are no longer just narrative forms but also places from which it is possible to take a perceptive distance for learning and reproduceing, assembling and manipulating the flow of images that frames the edges of our everyday experiences. It is thus affirmed that the experience of the subjective body, together with the reciprocity that it maintains with the audiovisual body, can activate the force that underlies the representation by making the tropes emerge from the images. In this sense, the literal experience when intersects the figurative makes possible to operate the necessary de-formations and de-configurations to attack the sensational by introducing, in addition, discontinuities with which it becomes possible to value the testimonial dimension of the Audiovisual Design. By focusing attention on the testimonial question, the thesis also conjectures that the moving nature with which the Audiovisual Design speaks to us can be organized into a differential architecture by which images not only move but also concern and produce movement by exciting and citing. Therefore, and thinking about the reciprocity relation between subjective body and audiovisual body, the products of Audiovisual Design can per-vert the ways of presenting environments by establishing a dialectic relation between the instant they return to us and the instance with which they touch us collectively. Finally, these per-versions bear the testimonies of those traces with which formats, devices and assemblies, as operational categories with which to imagine the Audiovisual Design, affect the bodies and the territory.</marc:subfield>
    </marc:datafield>
    <marc:datafield tag="520" ind1=" " ind2=" ">
      <marc:subfield code="a">Fil: Voto, Cristina. Universidad de Buenos Aires. Facultad de Arquitectura, Diseño y Urbanismo. Buenos Aires, Argentina</marc:subfield>
    </marc:datafield>
    <marc:datafield tag="520" ind1=" " ind2=" ">
      <marc:subfield code="a">El objetivo de esta tesis es reconstruir el espacio cartográfico y de reciprocidad que ocupa el Diseño Audiovisual en la determinación del imaginario colectivo para pensar aproximaciones con las que aportar al debate acerca de su identidad epistémica. Es en este sentido que se organiza de forma ensayística una definición de Diseño Audiovisual como un espacio para el pensamiento intersubjetivo --gnoseológico, práctico y epistemológico-- ya que es en este espacio donde se relacionan quienes producen, utilizan y hacen circular formas y proyectos audiovisuales. Se construye argumentativamente este espacio a partir del concepto de territorio imaginándolo como lugar donde saberes comunicacionales, prácticas audiovisuales y políticas de reproductibilidad se intersecan con las categorías operativas de formato, dispositivo y montaje. Por medio de esta propuesta, se da cuenta de ciertas reciprocidades que pueden incidir sobre los cuerpos subjetivos y los cuerpos audiovisuales ya sea desde el punto de vista tanto cognitivo, como somático y pragmático. La hipótesis que rige la tesis es pensar que los productos del Diseño Audiovisual pueden in-formar y dar forma a nuestra manera de percibir, sentir y comprender el mundo y los eventos que lo habitan. En este sentido, se sostiene que en el territorio del Diseño Audiovisual los productos ya no son sólo formas narrativas sino, además, lugares desde los cuales es posible tomar una distancia perceptiva para aprender a reproducir, montar y manipular el flujo de imágenes que encuadra los bordes de nuestras experiencias cotidianas. Se afirma así que la experiencia del cuerpo subjetivo, junto con la reciprocidad que mantiene con el cuerpo audiovisual, puede activar la fuerza que subyace en la representación al hacer emerger los tropos de las imágenes. En este sentido, la experiencia literal cuando interseca la figurativa vuelve posible operar las de-formaciones y des-configuraciones necesarias para arremeter contra lo sensacional introduciendo, además, discontinuidades con las que deviene posible valorar la dimensión testimonial del Diseño Audiovisual. Al fijar la atención en la cuestión testimonial, la tesis conjetura también que la naturaleza moviente con la que nos habla el Diseño Audiovisual puede organizarse en una arquitectura diferencial por la que las imágenes no sólo se mueven, sino que también padecen y producen movimiento excitando(se) y citando(se). Por ello, y pensando en la relación de reciprocidad entre cuerpo subjetivo y cuerpo audiovisual, los productos del Diseño Audiovisual pueden per-vertir las formas de presentar los entornos estableciendo una relación dialéctica entre el instante que nos devuelven y la instancia con la que nos tocan colectivamente. Finalmente, estas per-versiones llevan los testimonios de aquellas huellas con las que los formatos, los dispositivos y los montajes, en tanto categorías operativas con las cuales imaginar el Diseño Audiovisual, inciden sobre los cuerpos y sobre el territorio.</marc:subfield>
    </marc:datafield>
    <marc:datafield tag="520" ind1=" " ind2=" ">
      <marc:subfield code="a">Doctora de la Universidad de Buenos Aires, Área Diseño</marc:subfield>
    </marc:datafield>
    <marc:datafield tag="540" ind1=" " ind2=" ">
      <marc:subfield code="a">info:eu-repo/semantics/openAccess</marc:subfield>
    </marc:datafield>
    <marc:datafield tag="540" ind1=" " ind2=" ">
      <marc:subfield code="a">https://creativecommons.org/licenses/by-nc-nd/2.5/ar/</marc:subfield>
    </marc:datafield>
    <marc:datafield tag="546" ind1=" " ind2=" ">
      <marc:subfield code="a">spa</marc:subfield>
    </marc:datafield>
    <marc:datafield tag="690" ind1=" " ind2=" ">
      <marc:subfield code="a">Semiótica</marc:subfield>
    </marc:datafield>
    <marc:datafield tag="690" ind1=" " ind2=" ">
      <marc:subfield code="a">Imagen en movimiento</marc:subfield>
    </marc:datafield>
    <marc:datafield tag="690" ind1=" " ind2=" ">
      <marc:subfield code="a">Cartografía</marc:subfield>
    </marc:datafield>
    <marc:datafield tag="690" ind1=" " ind2=" ">
      <marc:subfield code="a">Diseño audiovisual</marc:subfield>
    </marc:datafield>
    <marc:datafield tag="690" ind1=" " ind2=" ">
      <marc:subfield code="a">Intersubjetividad</marc:subfield>
    </marc:datafield>
    <marc:datafield tag="690" ind1=" " ind2=" ">
      <marc:subfield code="a">Semiotics</marc:subfield>
    </marc:datafield>
    <marc:datafield tag="690" ind1=" " ind2=" ">
      <marc:subfield code="a">Moving image</marc:subfield>
    </marc:datafield>
    <marc:datafield tag="690" ind1=" " ind2=" ">
      <marc:subfield code="a">Cartography</marc:subfield>
    </marc:datafield>
    <marc:datafield tag="690" ind1=" " ind2=" ">
      <marc:subfield code="a">Audiovisual design</marc:subfield>
    </marc:datafield>
    <marc:datafield tag="690" ind1=" " ind2=" ">
      <marc:subfield code="a">Intersubjectivity</marc:subfield>
    </marc:datafield>
    <marc:datafield tag="690" ind1=" " ind2=" ">
      <marc:subfield code="a">Imagen</marc:subfield>
    </marc:datafield>
    <marc:datafield tag="690" ind1=" " ind2=" ">
      <marc:subfield code="a">Sonido</marc:subfield>
    </marc:datafield>
    <marc:datafield tag="690" ind1=" " ind2=" ">
      <marc:subfield code="a">Audiovisuales</marc:subfield>
    </marc:datafield>
    <marc:datafield tag="690" ind1=" " ind2=" ">
      <marc:subfield code="a">Medios audiovisuales</marc:subfield>
    </marc:datafield>
    <marc:datafield tag="690" ind1=" " ind2=" ">
      <marc:subfield code="a">Teoría</marc:subfield>
    </marc:datafield>
    <marc:datafield tag="690" ind1=" " ind2=" ">
      <marc:subfield code="a">Diseño</marc:subfield>
    </marc:datafield>
    <marc:datafield tag="690" ind1=" " ind2=" ">
      <marc:subfield code="a">Montaje</marc:subfield>
    </marc:datafield>
    <marc:datafield tag="690" ind1=" " ind2=" ">
      <marc:subfield code="a">Técnica</marc:subfield>
    </marc:datafield>
    <marc:datafield tag="690" ind1=" " ind2=" ">
      <marc:subfield code="a">Enseñanza</marc:subfield>
    </marc:datafield>
    <marc:datafield tag="690" ind1=" " ind2=" ">
      <marc:subfield code="a">Comunicación audiovisual</marc:subfield>
    </marc:datafield>
    <marc:datafield tag="690" ind1=" " ind2=" ">
      <marc:subfield code="a">Lenguaje</marc:subfield>
    </marc:datafield>
    <marc:datafield tag="690" ind1=" " ind2=" ">
      <marc:subfield code="a">Estética</marc:subfield>
    </marc:datafield>
    <marc:datafield tag="690" ind1=" " ind2=" ">
      <marc:subfield code="a">Epistemología</marc:subfield>
    </marc:datafield>
    <marc:datafield tag="690" ind1=" " ind2=" ">
      <marc:subfield code="a">Conocimiento</marc:subfield>
    </marc:datafield>
    <marc:datafield tag="690" ind1=" " ind2=" ">
      <marc:subfield code="a">Nuevas tecnologías</marc:subfield>
    </marc:datafield>
    <marc:datafield tag="690" ind1=" " ind2=" ">
      <marc:subfield code="a">Equipos</marc:subfield>
    </marc:datafield>
    <marc:datafield tag="690" ind1=" " ind2=" ">
      <marc:subfield code="a">Producción</marc:subfield>
    </marc:datafield>
    <marc:datafield tag="690" ind1=" " ind2=" ">
      <marc:subfield code="a">Edición</marc:subfield>
    </marc:datafield>
    <marc:datafield tag="690" ind1=" " ind2=" ">
      <marc:subfield code="a">Medios audiovisuales</marc:subfield>
    </marc:datafield>
    <marc:datafield tag="655" ind1="7" ind2=" ">
      <marc:subfield code="a">info:eu-repo/semantics/doctoralThesis</marc:subfield>
      <marc:subfield code="2">local</marc:subfield>
    </marc:datafield>
    <marc:datafield tag="655" ind1="7" ind2=" ">
      <marc:subfield code="a">info:ar-repo/semantics/tesis doctoral</marc:subfield>
      <marc:subfield code="2">local</marc:subfield>
    </marc:datafield>
    <marc:datafield tag="655" ind1="7" ind2=" ">
      <marc:subfield code="a">info:eu-repo/semantics/acceptedVersion</marc:subfield>
      <marc:subfield code="2">local</marc:subfield>
    </marc:datafield>
    <marc:datafield tag="100" ind1="1" ind2="0">
      <marc:subfield code="a">Russo, Eduardo A.</marc:subfield>
      <marc:subfield code="e">contributor</marc:subfield>
    </marc:datafield>
    <marc:datafield tag="100" ind1="1" ind2="0">
      <marc:subfield code="a">Guerri, Claudio F.</marc:subfield>
      <marc:subfield code="e">contributor</marc:subfield>
    </marc:datafield>
    <marc:datafield tag="100" ind1="1" ind2="0">
      <marc:subfield code="a">Lucena, Daniela</marc:subfield>
      <marc:subfield code="e">contributor</marc:subfield>
    </marc:datafield>
    <marc:datafield tag="100" ind1="1" ind2="0">
      <marc:subfield code="a">Negro, Marcela</marc:subfield>
      <marc:subfield code="e">contributor</marc:subfield>
    </marc:datafield>
    <marc:datafield tag="100" ind1="1" ind2="0">
      <marc:subfield code="a">Ledesma, Maria</marc:subfield>
      <marc:subfield code="e">contributor</marc:subfield>
    </marc:datafield>
    <marc:datafield tag="856" ind1="4" ind2="1">
      <marc:subfield code="u">https://repositoriouba.sisbi.uba.ar/gsdl/collect/aaqtesis/index/assoc/HWA_3837.dir/3837.PDF</marc:subfield>
      <marc:subfield code="z">Connect to this object online.</marc:subfield>
    </marc:datafield>
  </marc:record>