
  <marc:record>
    <marc:leader>06572 am a  005533u     </marc:leader>
    <marc:datafield tag="042" ind1=" " ind2=" ">
      <marc:subfield code="a">dc</marc:subfield>
    </marc:datafield>
    <marc:datafield tag="100" ind1="1" ind2="0">
      <marc:subfield code="a">Silva, Marlene Nascimento da</marc:subfield>
      <marc:subfield code="e">author</marc:subfield>
    </marc:datafield>
    <marc:datafield tag="245" ind1="0" ind2="0">
      <marc:subfield code="a">Los recursos de lenguaje del 3D estereoscópico incorporados al lenguaje audiovisual en la era digital</marc:subfield>
    </marc:datafield>
    <marc:datafield tag="246" ind1="3" ind2="3">
      <marc:subfield code="a">Stereoscopic 3D language resources incorporated into audio visual language in the digital age</marc:subfield>
    </marc:datafield>
    <marc:datafield tag="260" ind1=" " ind2=" ">
      <marc:subfield code="b">Universidad de Buenos Aires. Facultad de Arquitectura, Diseño y Urbanismo, </marc:subfield>
      <marc:subfield code="c">2021-05-19.</marc:subfield>
    </marc:datafield>
    <marc:datafield tag="500" ind1=" " ind2=" ">
      <marc:subfield code="a">http://repositoriouba.sisbi.uba.ar/gsdl/cgi-bin/library.cgi?a=d&amp;c=aaqtesis&amp;cl=CL1&amp;d=HWA_7087</marc:subfield>
    </marc:datafield>
    <marc:datafield tag="520" ind1=" " ind2=" ">
      <marc:subfield code="a">The research studies the specific language resources of the stereoscopic 3D technique (3DE) and the aesthetic strategies for the narrative design of Argentine animated feature films made and exhibited in stereoscopic 3DE during the first two decades of the 21st century. The 3DE technique is contextualized in the specificity of the historical, whose conceptual origin dates to the very beginnings of cinema. It breaks down and analyses the narrative resources of this technique, which are incorporated into the audio visual language in the context of digital technology and which make it possible to sustain the process of design, production and exhibition of films in stereoscopic 3D. The object of study is approached, from an analysis of the plane as a minimum unit of audio-visual discourse, to reveal the experience in development of the use of these specific language resources of the 3DE technique. Likewise, the planes in which the presence of negative parallax is detected are broken down, and the design is analyzed from the perspective of the specific design tools of the animation project: the story board, the sound synchronism, the layout and the layered composition. Likewise, the observing subject is approached, and the relationships established between the body immersed in the observation and the content observed are analyzed. The research thus manages to identify design patterns in the use of specific audio visual language resources, in said technique and provide knowledge regarding the desire for representation that the 3DE technique, offers to narrative quality and for the construction of audio-visual discourse. On the other hand, it reveals aspects of visual and audio-visual language and the impact of technology on artistic practices, combining disciplines, perspectives, and approaches such as film theory, communication theory, image theory, history of art and aesthetics. The research allows conclusions to be drawn about the relationships between the stereoscopic 3D language resources incorporated into audio-visual language in the digital age and that substantially influence the design of this type of audio-visual pieces.</marc:subfield>
    </marc:datafield>
    <marc:datafield tag="520" ind1=" " ind2=" ">
      <marc:subfield code="a">Fil: Silva, Marlene Nascimento da. Universidad de Buenos Aires. Facultad de Arquitectura, Diseño y Urbanismo. Buenos Aires, Argentina</marc:subfield>
    </marc:datafield>
    <marc:datafield tag="520" ind1=" " ind2=" ">
      <marc:subfield code="a">La investigación estudia los recursos de lenguaje específicos de la técnica 3D estereoscópica (3DE) y las estrategias estéticas para el diseño narrativo de los largometrajes de animación argentinos realizados y exhibidos en 3DE estereoscópico durante las dos primeras décadas del siglo XXI. Se contextualiza la técnica 3DE en la especificidad de lo histórico, cuyo origen conceptual se remonta a los inicios mismos del cine. Se desglosa y analiza los recursos narrativos de dicha técnica, que son incorporados en el lenguaje audiovisual en el contexto de la tecnología digital y que posibilitan sostener el proceso de diseño, producción y exhibición de películas en 3D estereoscópico. Se aborda el objeto de estudio, desde un análisis del plano como unidad mínima del discurso audiovisual, con el propósito de relevar la experiencia en desarrollo de la utilización de estos recursos de lenguaje específicos de la técnica 3DE. Asimismo, se desglosan los planos en los que se detecta la presencia del parallax negativo, y se analiza el diseño desde la perspectiva de las herramientas proyectuales específicas del proyecto de animación: el story board, el sincronismo sonoro, el layout y la composición en capas. Igualmente, se aborda el sujeto observador y se analizan las relaciones que se establecen entre el cuerpo inmerso en la observación y el contenido observado. La investigación logra, así, identificar patrones de diseño en la utilización de los recursos específicos de lenguaje audiovisual en dicha técnica y aportar conocimiento respecto a los anhelos de representación que la técnica 3DE ofrece a la calidad narrativa y para la construcción del discurso audiovisual. Por otra parte, da a conocer aspectos del lenguaje visual y audiovisual y el impacto de la tecnología sobre las prácticas artísticas, conjugándose en su abordaje disciplinas, perspectivas y enfoques como la teoría del cine, la teoría de la comunicación, teoría de la imagen, historia del arte y la estética. La investigación permite generar conclusiones sobre las relaciones que guardan entre sí los recursos de lenguaje del 3D estereoscópico incorporados al lenguaje audiovisual en la era digital y que influyen sustancialmente en el diseño de este tipo de piezas audiovisuales.</marc:subfield>
    </marc:datafield>
    <marc:datafield tag="520" ind1=" " ind2=" ">
      <marc:subfield code="a">Doctora de la Universidad de Buenos Aires, Área Diseño</marc:subfield>
    </marc:datafield>
    <marc:datafield tag="540" ind1=" " ind2=" ">
      <marc:subfield code="a">info:eu-repo/semantics/openAccess</marc:subfield>
    </marc:datafield>
    <marc:datafield tag="540" ind1=" " ind2=" ">
      <marc:subfield code="a">https://creativecommons.org/licenses/by-nc-nd/2.5/ar/</marc:subfield>
    </marc:datafield>
    <marc:datafield tag="546" ind1=" " ind2=" ">
      <marc:subfield code="a">spa</marc:subfield>
    </marc:datafield>
    <marc:datafield tag="690" ind1=" " ind2=" ">
      <marc:subfield code="a">Audiovisual</marc:subfield>
    </marc:datafield>
    <marc:datafield tag="690" ind1=" " ind2=" ">
      <marc:subfield code="a">Animación</marc:subfield>
    </marc:datafield>
    <marc:datafield tag="690" ind1=" " ind2=" ">
      <marc:subfield code="a">Diseño</marc:subfield>
    </marc:datafield>
    <marc:datafield tag="690" ind1=" " ind2=" ">
      <marc:subfield code="a">Lenguaje</marc:subfield>
    </marc:datafield>
    <marc:datafield tag="690" ind1=" " ind2=" ">
      <marc:subfield code="a">3D estereoscópico</marc:subfield>
    </marc:datafield>
    <marc:datafield tag="690" ind1=" " ind2=" ">
      <marc:subfield code="a">Audio-visual</marc:subfield>
    </marc:datafield>
    <marc:datafield tag="690" ind1=" " ind2=" ">
      <marc:subfield code="a">Animation</marc:subfield>
    </marc:datafield>
    <marc:datafield tag="690" ind1=" " ind2=" ">
      <marc:subfield code="a">Design</marc:subfield>
    </marc:datafield>
    <marc:datafield tag="690" ind1=" " ind2=" ">
      <marc:subfield code="a">Language</marc:subfield>
    </marc:datafield>
    <marc:datafield tag="690" ind1=" " ind2=" ">
      <marc:subfield code="a">Stereoscopic 3D</marc:subfield>
    </marc:datafield>
    <marc:datafield tag="690" ind1=" " ind2=" ">
      <marc:subfield code="a">Investigación</marc:subfield>
    </marc:datafield>
    <marc:datafield tag="690" ind1=" " ind2=" ">
      <marc:subfield code="a">Teoría</marc:subfield>
    </marc:datafield>
    <marc:datafield tag="690" ind1=" " ind2=" ">
      <marc:subfield code="a">Cine</marc:subfield>
    </marc:datafield>
    <marc:datafield tag="690" ind1=" " ind2=" ">
      <marc:subfield code="a">Historia</marc:subfield>
    </marc:datafield>
    <marc:datafield tag="690" ind1=" " ind2=" ">
      <marc:subfield code="a">Técnica</marc:subfield>
    </marc:datafield>
    <marc:datafield tag="690" ind1=" " ind2=" ">
      <marc:subfield code="a">Tecnología digital</marc:subfield>
    </marc:datafield>
    <marc:datafield tag="690" ind1=" " ind2=" ">
      <marc:subfield code="a">Percepción</marc:subfield>
    </marc:datafield>
    <marc:datafield tag="690" ind1=" " ind2=" ">
      <marc:subfield code="a">Imagen</marc:subfield>
    </marc:datafield>
    <marc:datafield tag="690" ind1=" " ind2=" ">
      <marc:subfield code="a">Estética</marc:subfield>
    </marc:datafield>
    <marc:datafield tag="690" ind1=" " ind2=" ">
      <marc:subfield code="a">Audiovisuales</marc:subfield>
    </marc:datafield>
    <marc:datafield tag="690" ind1=" " ind2=" ">
      <marc:subfield code="a">Proceso creativo</marc:subfield>
    </marc:datafield>
    <marc:datafield tag="690" ind1=" " ind2=" ">
      <marc:subfield code="a">Cinematografía</marc:subfield>
    </marc:datafield>
    <marc:datafield tag="655" ind1="7" ind2=" ">
      <marc:subfield code="a">info:eu-repo/semantics/doctoralThesis</marc:subfield>
      <marc:subfield code="2">local</marc:subfield>
    </marc:datafield>
    <marc:datafield tag="655" ind1="7" ind2=" ">
      <marc:subfield code="a">info:ar-repo/semantics/tesis doctoral</marc:subfield>
      <marc:subfield code="2">local</marc:subfield>
    </marc:datafield>
    <marc:datafield tag="655" ind1="7" ind2=" ">
      <marc:subfield code="a">info:eu-repo/semantics/acceptedVersion</marc:subfield>
      <marc:subfield code="2">local</marc:subfield>
    </marc:datafield>
    <marc:datafield tag="100" ind1="1" ind2="0">
      <marc:subfield code="a">Angerami, Luis Fernando</marc:subfield>
      <marc:subfield code="e">contributor</marc:subfield>
    </marc:datafield>
    <marc:datafield tag="100" ind1="1" ind2="0">
      <marc:subfield code="a">Negro, Marcela</marc:subfield>
      <marc:subfield code="e">contributor</marc:subfield>
    </marc:datafield>
    <marc:datafield tag="100" ind1="1" ind2="0">
      <marc:subfield code="a">Ross, Miriam</marc:subfield>
      <marc:subfield code="e">contributor</marc:subfield>
    </marc:datafield>
    <marc:datafield tag="100" ind1="1" ind2="0">
      <marc:subfield code="a">Kaufman, Guillermo</marc:subfield>
      <marc:subfield code="e">contributor</marc:subfield>
    </marc:datafield>
    <marc:datafield tag="100" ind1="1" ind2="0">
      <marc:subfield code="a">Russo, Eduardo</marc:subfield>
      <marc:subfield code="e">contributor</marc:subfield>
    </marc:datafield>
    <marc:datafield tag="856" ind1="4" ind2="1">
      <marc:subfield code="u">https://repositoriouba.sisbi.uba.ar/gsdl/collect/aaqtesis/index/assoc/HWA_7087.dir/7087.PDF</marc:subfield>
      <marc:subfield code="z">Connect to this object online.</marc:subfield>
    </marc:datafield>
  </marc:record>