
  <marc:record>
    <marc:leader>09360 am a  005293u     </marc:leader>
    <marc:datafield tag="042" ind1=" " ind2=" ">
      <marc:subfield code="a">dc</marc:subfield>
    </marc:datafield>
    <marc:datafield tag="100" ind1="1" ind2="0">
      <marc:subfield code="a">Sanmiguel, Damián Enrique</marc:subfield>
      <marc:subfield code="e">author</marc:subfield>
    </marc:datafield>
    <marc:datafield tag="245" ind1="0" ind2="0">
      <marc:subfield code="a">Diseño y modelización de programas para la vivienda de interés social, complejidades y consecuencias en su aplicación, el caso cuenca Matanza Riachuelo</marc:subfield>
    </marc:datafield>
    <marc:datafield tag="246" ind1="3" ind2="3">
      <marc:subfield code="a">Design and modeling of social interest housing programs, complexities and consequences in their application, the Matanza-Riachuelo basin case</marc:subfield>
    </marc:datafield>
    <marc:datafield tag="260" ind1=" " ind2=" ">
      <marc:subfield code="b">Universidad de Buenos Aires. Facultad de Arquitectura, Diseño y Urbanismo, </marc:subfield>
      <marc:subfield code="c">2015-09-25.</marc:subfield>
    </marc:datafield>
    <marc:datafield tag="500" ind1=" " ind2=" ">
      <marc:subfield code="a">http://repositoriouba.sisbi.uba.ar/gsdl/cgi-bin/library.cgi?a=d&amp;c=aaqtesis&amp;cl=CL1&amp;d=HWA_7252</marc:subfield>
    </marc:datafield>
    <marc:datafield tag="520" ind1=" " ind2=" ">
      <marc:subfield code="a">Studies on the implementation of housing policies rarely focus on the bureaucratic dimension. Bureaucracy that, in the imaginary of society, is responsible for the inefficiency with which the State is usually branded.\nThis work was proposed to analyze the processes that are manifested in the formulation, presentation, evaluation, approval, execution and follow-up of projects of housing solutions financed from the National State for villas and precarious settlements, in relation to the "Mendoza Cause".\nInfrastructure works, urban equipment, housing, housing improvements and complementary works for the improvement of the habitat are interventions generally proposed and designed by municipal and/or provincial organizations and financed by the National State.\nWe have verified, from our respective professional, bureaucratic and academic practices, that the knowledge of the academy, the State and the territory, the latter understood as the space of the recipients, must coexist in the diagnostic stages and in their respective proposals. of intervention, generating link methodologies between these three types of knowledge and actively participating in the necessary mechanisms in decision-making.\nWe can also affirm that for a fragment of the city to strengthen, remedy or mitigate any dysfunction related to habitat problems, it is necessary that "management" be understood as a participatory and comprehensive process, in which all the actors involved can express and assert their interests, turning it into an associated management, perhaps a legacy of that Situated Strategic Planning.\nIn these processes, the relationship between the national, provincial and municipal governments based on their responsibilities, duties and rights is crucial and defining in each of the stages.\nIt is the relationship between state jurisdictions that makes it possible for these works to materialize. And that interjurisdictional relationship is based on their administrations and these, in turn, associated with the notion of "bureaucracy", an unavoidable vehicle for the management and realization of any Plan or Project.\nWhen one thinks of an effective, efficient and effective State, the relationship between that State and its bureaucratic apparatus is questioned, among other things. Without fear of being wrong, we can affirm that the success in the formulation and execution of Plans and Programs promoted and financed by the National State depends to a great extent on the administrative soundness of the State itself. And this administrative solidity has its roots in the much-beaten "state bureaucracy" that is often understood as an insurmountable barrier for the community, conspiring in the processes of habitat improvement and social integration.\nIn addition, a complement is added from the perspective of disciplinary training, and tries to challenge it in an administrative key. The presence of architects in multiple municipal, provincial or national agencies and areas with specific responsibilities in decision-making is a recurring indicator of the need to rethink the role of the discipline at the service of the State.\nAdherence to norms and standardization does not seem to be in the DNA of a disciplinary training that, almost like a universal mandate, appeals to constant creativity and manipulation of the material world. And although the bureaucratic field and the disciplinary field seem to collide in public offices, this work tries to find a way out.</marc:subfield>
    </marc:datafield>
    <marc:datafield tag="520" ind1=" " ind2=" ">
      <marc:subfield code="a">Fil: Sanmiguel, Damián Enrique. Universidad de Buenos Aires. Facultad de Arquitectura, Diseño y Urbanismo. Buenos Aires, Argentina</marc:subfield>
    </marc:datafield>
    <marc:datafield tag="520" ind1=" " ind2=" ">
      <marc:subfield code="a">Los estudios acerca de la implementación de políticas habitacionales pocas veces se concentran en la dimensión burocrática. Burocracia que, en el imaginario de la sociedad, es la responsable de la ineficiencia con la que habitualmente se tilda al Estado.\nEste trabajo se propuso analizar los procesos que se manifiestan en la formulación, presentación, evaluación, aprobación, ejecución y seguimiento de proyectos de soluciones habitacionales financiados desde el Estado Nacional para villas y asentamientos precarios, en relación con la "Causa Mendoza".\nObras de infraestructura, de equipamiento urbano, viviendas, mejoramientos de viviendas y obras complementarias para el mejoramiento del hábitat son intervenciones generalmente propuestas y diseñadas por los organismos municipales y/o provinciales y financiadas por el Estado Nacional. Hemos verificado, desde nuestras respectivas prácticas profesionales, burocráticas y académicas, que los saberes de la academia, el Estado y el territorio, entendido este último como el espacio de los destinatarios, deben coexistir en las etapas de diagnósticos y en sus respetivas propuestas de intervención, generando metodologías de enlace entre estos tres saberes y participando activamente de los mecanismos necesarios en la toma de decisiones.\nTambién podemos afirmar que para que un fragmento de la ciudad fortalezca, remedie o mitigue alguna disfunción relacionada con problemáticas de hábitat es necesario que la "gestión" se entienda como un proceso participativo e integral, en el que la totalidad de los actores intervinientes puedan expresar y hacer valer sus intereses, convirtiéndola en una gestión asociada, quizás legado de aquella Planificación Estratégica Situada.\nEn estos procesos, la relación entre el Estado nacional, el provincial y los gobiernos municipales en función de sus responsabilidades, deberes y derechos es crucial y definitorio en cada una de las etapas. \nEs la relación entre las jurisdicciones estatales lo que posibilita que estas obras se concreten. Y esa relación interjurisdiccional está basada en sus administraciones y éstas a su vez, asociadas a la noción de "burocracia", vehículo ineludible para la gestión y concreción de cualquier Plan o Proyecto. Cuando se piensa en un estado eficaz, eficiente y efectivo aparece interpelada, entre otras cosas, la relación entre ese estado y su aparato burocrático. Sin miedo a equivocarnos podemos afirmar que el éxito en la formulación y ejecución de Planes y Programas impulsados y financiados por el Estado Nacional depende en gran medida de la solidez administrativa del propio estado. Y esta solidez administrativa hunde sus raíces en la tan vapuleada "burocracia estatal" que muchas veces es entendida como una barrera infranqueable para la comunidad, conspirando en los procesos de mejoramiento del hábitat e integración social.\nAdemás, se agrega un complemento desde la perspectiva de la formación disciplinar, e intenta interpelarla en clave administrativa. La presencia de arquitectas y arquitectos en múltiples organismos y áreas municipales, provinciales o nacionales con responsabilidades especificas en la toma de decisiones es un indicador recurrente de la necesidad de repensar el rol de la disciplina al servicio del Estado.\nEl apego a las normas y a la estandarización no parece estar en el ADN de una formación disciplinar que, casi como un mandato universal, apela a la constante creatividad y manipulación del mundo material. Y aunque el campo burocrático y el campo disciplinar parecieran colisionar en las oficinas públicas este trabajo pretende encontrar una salida.</marc:subfield>
    </marc:datafield>
    <marc:datafield tag="520" ind1=" " ind2=" ">
      <marc:subfield code="a">Doctor de la Universidad de Buenos Aires, Área Arquitectura</marc:subfield>
    </marc:datafield>
    <marc:datafield tag="540" ind1=" " ind2=" ">
      <marc:subfield code="a">info:eu-repo/semantics/openAccess</marc:subfield>
    </marc:datafield>
    <marc:datafield tag="540" ind1=" " ind2=" ">
      <marc:subfield code="a">https://creativecommons.org/licenses/by-nc-nd/2.5/ar/</marc:subfield>
    </marc:datafield>
    <marc:datafield tag="546" ind1=" " ind2=" ">
      <marc:subfield code="a">spa</marc:subfield>
    </marc:datafield>
    <marc:datafield tag="690" ind1=" " ind2=" ">
      <marc:subfield code="a">Vivienda social</marc:subfield>
    </marc:datafield>
    <marc:datafield tag="690" ind1=" " ind2=" ">
      <marc:subfield code="a">Políticas habitacionales</marc:subfield>
    </marc:datafield>
    <marc:datafield tag="690" ind1=" " ind2=" ">
      <marc:subfield code="a">Marginalidad</marc:subfield>
    </marc:datafield>
    <marc:datafield tag="690" ind1=" " ind2=" ">
      <marc:subfield code="a">Pobreza</marc:subfield>
    </marc:datafield>
    <marc:datafield tag="690" ind1=" " ind2=" ">
      <marc:subfield code="a">Burocracia</marc:subfield>
    </marc:datafield>
    <marc:datafield tag="690" ind1=" " ind2=" ">
      <marc:subfield code="a">Social housing</marc:subfield>
    </marc:datafield>
    <marc:datafield tag="690" ind1=" " ind2=" ">
      <marc:subfield code="a">Housing policies</marc:subfield>
    </marc:datafield>
    <marc:datafield tag="690" ind1=" " ind2=" ">
      <marc:subfield code="a">Marginality</marc:subfield>
    </marc:datafield>
    <marc:datafield tag="690" ind1=" " ind2=" ">
      <marc:subfield code="a">Poverty</marc:subfield>
    </marc:datafield>
    <marc:datafield tag="690" ind1=" " ind2=" ">
      <marc:subfield code="a">Bureaucracy</marc:subfield>
    </marc:datafield>
    <marc:datafield tag="690" ind1=" " ind2=" ">
      <marc:subfield code="a">Investigación</marc:subfield>
    </marc:datafield>
    <marc:datafield tag="690" ind1=" " ind2=" ">
      <marc:subfield code="a">Viviendas de interés social</marc:subfield>
    </marc:datafield>
    <marc:datafield tag="690" ind1=" " ind2=" ">
      <marc:subfield code="a">Historia</marc:subfield>
    </marc:datafield>
    <marc:datafield tag="690" ind1=" " ind2=" ">
      <marc:subfield code="a">Proyectos</marc:subfield>
    </marc:datafield>
    <marc:datafield tag="690" ind1=" " ind2=" ">
      <marc:subfield code="a">Estrategias</marc:subfield>
    </marc:datafield>
    <marc:datafield tag="690" ind1=" " ind2=" ">
      <marc:subfield code="a">Gestión</marc:subfield>
    </marc:datafield>
    <marc:datafield tag="690" ind1=" " ind2=" ">
      <marc:subfield code="a">Planificación</marc:subfield>
    </marc:datafield>
    <marc:datafield tag="690" ind1=" " ind2=" ">
      <marc:subfield code="a">Arquitectura</marc:subfield>
    </marc:datafield>
    <marc:datafield tag="691" ind1=" " ind2=" ">
      <marc:subfield code="a">Argentina</marc:subfield>
    </marc:datafield>
    <marc:datafield tag="691" ind1=" " ind2=" ">
      <marc:subfield code="a">Buenos Aires, Ciudad</marc:subfield>
    </marc:datafield>
    <marc:datafield tag="691" ind1=" " ind2=" ">
      <marc:subfield code="a">Cuenca Matanza-Riachuelo</marc:subfield>
    </marc:datafield>
    <marc:datafield tag="655" ind1="7" ind2=" ">
      <marc:subfield code="a">info:eu-repo/semantics/doctoralThesis</marc:subfield>
      <marc:subfield code="2">local</marc:subfield>
    </marc:datafield>
    <marc:datafield tag="655" ind1="7" ind2=" ">
      <marc:subfield code="a">info:ar-repo/semantics/tesis doctoral</marc:subfield>
      <marc:subfield code="2">local</marc:subfield>
    </marc:datafield>
    <marc:datafield tag="655" ind1="7" ind2=" ">
      <marc:subfield code="a">info:eu-repo/semantics/acceptedVersion</marc:subfield>
      <marc:subfield code="2">local</marc:subfield>
    </marc:datafield>
    <marc:datafield tag="100" ind1="1" ind2="0">
      <marc:subfield code="a">Iglesia, Rafael E. J.</marc:subfield>
      <marc:subfield code="e">contributor</marc:subfield>
    </marc:datafield>
    <marc:datafield tag="100" ind1="1" ind2="0">
      <marc:subfield code="a">Sarquis, Jorge</marc:subfield>
      <marc:subfield code="e">contributor</marc:subfield>
    </marc:datafield>
    <marc:datafield tag="100" ind1="1" ind2="0">
      <marc:subfield code="a">Sabugo, Mario</marc:subfield>
      <marc:subfield code="e">contributor</marc:subfield>
    </marc:datafield>
    <marc:datafield tag="100" ind1="1" ind2="0">
      <marc:subfield code="a">Doberti, Roberto</marc:subfield>
      <marc:subfield code="e">contributor</marc:subfield>
    </marc:datafield>
    <marc:datafield tag="856" ind1="4" ind2="1">
      <marc:subfield code="u">https://repositoriouba.sisbi.uba.ar/gsdl/collect/aaqtesis/index/assoc/HWA_7252.dir/7252.PDF</marc:subfield>
      <marc:subfield code="z">Connect to this object online.</marc:subfield>
    </marc:datafield>
  </marc:record>