
  <marc:record>
    <marc:leader>06024 am a  005173u     </marc:leader>
    <marc:datafield tag="042" ind1=" " ind2=" ">
      <marc:subfield code="a">dc</marc:subfield>
    </marc:datafield>
    <marc:datafield tag="100" ind1="1" ind2="0">
      <marc:subfield code="a">Blacio Valdivieso, Marcela Victoria</marc:subfield>
      <marc:subfield code="e">author</marc:subfield>
    </marc:datafield>
    <marc:datafield tag="245" ind1="0" ind2="0">
      <marc:subfield code="a">Espacio público y relaciones de poder : el caso de Malecón 2000</marc:subfield>
    </marc:datafield>
    <marc:datafield tag="246" ind1="3" ind2="3">
      <marc:subfield code="a">Public space and power relations : the case of Malecón 2000</marc:subfield>
    </marc:datafield>
    <marc:datafield tag="260" ind1=" " ind2=" ">
      <marc:subfield code="b">Universidad de Buenos Aires. Facultad de Arquitectura, Diseño y Urbanismo, </marc:subfield>
      <marc:subfield code="c">2019-04-26.</marc:subfield>
    </marc:datafield>
    <marc:datafield tag="500" ind1=" " ind2=" ">
      <marc:subfield code="a">http://repositoriouba.sisbi.uba.ar/gsdl/cgi-bin/library.cgi?a=d&amp;c=aaqtesis&amp;cl=CL1&amp;d=HWA_6883</marc:subfield>
    </marc:datafield>
    <marc:datafield tag="520" ind1=" " ind2=" ">
      <marc:subfield code="a">Public space is being the object of interest of researchers and professionals from different disciplines due to the demand for urban spaces friendly to the population, which respond to the need to build cities of good living. In Guayaquil, Ecuador, at the end of the 1990s, the Malecon 2000 Project (PM2000) began and, from it, a device was introduced: Urban Regeneration that emerged as a need to revitalize the central area of the city, which was losing value, despite being the most important administrative management area, commercial and financial of Guayaquil. This policy on public space has been the subject of criticism by social and cultural groups against the security and control devices that are exercised by the local power and claim the free use and consumption of public space by citizens.\nThis doctoral thesis aims to address public space by analyzing the spatial but strongly linked to the historical, the social, the cultural and the urban. The double focus - urban studies and anthropology - will allow a critical look at the urban space of Guayaquil and the power disputes that will be revealed in it. The public space of Guayaquil will be studied from two aspects: that of local institutions and that of citizenship. From the institutionality, the discourses developed in books, documents and press writings that, around PM2000, have been generated to date will be analyzed. From the citizenship, the discourses will be studied from the information obtained from the application of the quantitative and qualitative research techniques used.\nThe results recorded at the end of this study should feed urban interventions in cities with riparian fronts, in those whose economy largely rests on the tertiary sector of production, in cities of high social heterogeneity, in which they are in search of Good Living, of a necessary democratization and active and responsible citizen participation.</marc:subfield>
    </marc:datafield>
    <marc:datafield tag="520" ind1=" " ind2=" ">
      <marc:subfield code="a">Fil: Blacio Valdivieso, Marcela Victoria. Universidad de Buenos Aires. Facultad de Arquitectura, Diseño y Urbanismo. Buenos Aires, Argentina</marc:subfield>
    </marc:datafield>
    <marc:datafield tag="520" ind1=" " ind2=" ">
      <marc:subfield code="a">El espacio público está siendo objeto de interés de investigadores y de profesionales de diferentes disciplinas debido a la demanda de espacios urbanos amigables con la población, que respondan a la necesidad de construir ciudades del buen vivir. En Guayaquil, Ecuador, a fines de la década de 1990 se inicia el Proyecto Malecón 2000 (PM2000) y, a partir del mismo se introduce un dispositivo: la Regeneración Urbana que surgió como una necesidad de revitalizar el área central de la ciudad, que estaba perdiendo valor, a pesar de ser la más importante zona de gestión administrativa, comercial y financiera de Guayaquil. Esta política sobre el espacio público ha sido motivo de críticas por parte de grupos sociales y culturales contra los dispositivos de seguridad y control que se ejercen desde el poder local y reivindican el libre uso y consumo del espacio público por la ciudadanía.\nEsta tesis doctoral pretende abordar el espacio público analizando lo espacial pero ligado fuertemente a lo histórico, lo social, lo cultural y lo urbano. El doble enfoque -estudios urbanos y antropología- va a permitir una mirada crítica al espacio urbano guayaquileño y las disputas de poder que en él se van a develar.\nEl espacio público guayaquileño se va a estudiar desde dos vertientes: el de la institucionalidad local y el de la ciudadanía. Desde la institucionalidad se analizarán los discursos desarrollados en libros, documentos y escritos de prensa que, en torno al PM2000, se han generado hasta la fecha. Desde la ciudadanía, se estudiarán los discursos a partir de la información que se obtenga de la aplicación de las técnicas de investigación cuantitativa y cualitativas empleadas.\nLos resultados consignados al final de este estudio deben alimentar las intervenciones urbanas en ciudades con frentes ribereños, en aquellas cuya economía en gran parte descansa en el sector terciario de la producción, en ciudades de una heterogeneidad social alta, en las que están en la búsqueda del Buen Vivir, de una necesaria democratización y participación ciudadana activa y responsable.</marc:subfield>
    </marc:datafield>
    <marc:datafield tag="520" ind1=" " ind2=" ">
      <marc:subfield code="a">Doctora de la Universidad de Buenos Aires, Área Urbanismo</marc:subfield>
    </marc:datafield>
    <marc:datafield tag="540" ind1=" " ind2=" ">
      <marc:subfield code="a">info:eu-repo/semantics/openAccess</marc:subfield>
    </marc:datafield>
    <marc:datafield tag="540" ind1=" " ind2=" ">
      <marc:subfield code="a">https://creativecommons.org/licenses/by-nc-nd/2.5/ar/</marc:subfield>
    </marc:datafield>
    <marc:datafield tag="546" ind1=" " ind2=" ">
      <marc:subfield code="a">spa</marc:subfield>
    </marc:datafield>
    <marc:datafield tag="690" ind1=" " ind2=" ">
      <marc:subfield code="a">Espacio público</marc:subfield>
    </marc:datafield>
    <marc:datafield tag="690" ind1=" " ind2=" ">
      <marc:subfield code="a">Relaciones de poder</marc:subfield>
    </marc:datafield>
    <marc:datafield tag="690" ind1=" " ind2=" ">
      <marc:subfield code="a">Hegemonía</marc:subfield>
    </marc:datafield>
    <marc:datafield tag="690" ind1=" " ind2=" ">
      <marc:subfield code="a">Dispositivos</marc:subfield>
    </marc:datafield>
    <marc:datafield tag="690" ind1=" " ind2=" ">
      <marc:subfield code="a">Imaginarios</marc:subfield>
    </marc:datafield>
    <marc:datafield tag="690" ind1=" " ind2=" ">
      <marc:subfield code="a">Public space</marc:subfield>
    </marc:datafield>
    <marc:datafield tag="690" ind1=" " ind2=" ">
      <marc:subfield code="a">Power relations</marc:subfield>
    </marc:datafield>
    <marc:datafield tag="690" ind1=" " ind2=" ">
      <marc:subfield code="a">Hegemony</marc:subfield>
    </marc:datafield>
    <marc:datafield tag="690" ind1=" " ind2=" ">
      <marc:subfield code="a">Devices</marc:subfield>
    </marc:datafield>
    <marc:datafield tag="690" ind1=" " ind2=" ">
      <marc:subfield code="a">Imaginaries</marc:subfield>
    </marc:datafield>
    <marc:datafield tag="690" ind1=" " ind2=" ">
      <marc:subfield code="a">Antropología</marc:subfield>
    </marc:datafield>
    <marc:datafield tag="690" ind1=" " ind2=" ">
      <marc:subfield code="a">Planificación</marc:subfield>
    </marc:datafield>
    <marc:datafield tag="690" ind1=" " ind2=" ">
      <marc:subfield code="a">Renovación urbana</marc:subfield>
    </marc:datafield>
    <marc:datafield tag="690" ind1=" " ind2=" ">
      <marc:subfield code="a">Gentrificación</marc:subfield>
    </marc:datafield>
    <marc:datafield tag="690" ind1=" " ind2=" ">
      <marc:subfield code="a">Críticas</marc:subfield>
    </marc:datafield>
    <marc:datafield tag="690" ind1=" " ind2=" ">
      <marc:subfield code="a">Áreas costeras</marc:subfield>
    </marc:datafield>
    <marc:datafield tag="690" ind1=" " ind2=" ">
      <marc:subfield code="a">Calidad de vida</marc:subfield>
    </marc:datafield>
    <marc:datafield tag="690" ind1=" " ind2=" ">
      <marc:subfield code="a">Urbanismo</marc:subfield>
    </marc:datafield>
    <marc:datafield tag="691" ind1=" " ind2=" ">
      <marc:subfield code="a">Guayaquil</marc:subfield>
    </marc:datafield>
    <marc:datafield tag="691" ind1=" " ind2=" ">
      <marc:subfield code="a">Ecuador</marc:subfield>
    </marc:datafield>
    <marc:datafield tag="655" ind1="7" ind2=" ">
      <marc:subfield code="a">info:eu-repo/semantics/doctoralThesis</marc:subfield>
      <marc:subfield code="2">local</marc:subfield>
    </marc:datafield>
    <marc:datafield tag="655" ind1="7" ind2=" ">
      <marc:subfield code="a">info:ar-repo/semantics/tesis doctoral</marc:subfield>
      <marc:subfield code="2">local</marc:subfield>
    </marc:datafield>
    <marc:datafield tag="655" ind1="7" ind2=" ">
      <marc:subfield code="a">info:eu-repo/semantics/acceptedVersion</marc:subfield>
      <marc:subfield code="2">local</marc:subfield>
    </marc:datafield>
    <marc:datafield tag="100" ind1="1" ind2="0">
      <marc:subfield code="a">Lupano, Maria Marta</marc:subfield>
      <marc:subfield code="e">contributor</marc:subfield>
    </marc:datafield>
    <marc:datafield tag="100" ind1="1" ind2="0">
      <marc:subfield code="a">Gutman, Margarita</marc:subfield>
      <marc:subfield code="e">contributor</marc:subfield>
    </marc:datafield>
    <marc:datafield tag="100" ind1="1" ind2="0">
      <marc:subfield code="a">Etulain, Juan Carlos</marc:subfield>
      <marc:subfield code="e">contributor</marc:subfield>
    </marc:datafield>
    <marc:datafield tag="100" ind1="1" ind2="0">
      <marc:subfield code="a">Caride, Horacio</marc:subfield>
      <marc:subfield code="e">contributor</marc:subfield>
    </marc:datafield>
    <marc:datafield tag="856" ind1="4" ind2="1">
      <marc:subfield code="u">https://repositoriouba.sisbi.uba.ar/gsdl/collect/aaqtesis/index/assoc/HWA_6883.dir/6883.PDF</marc:subfield>
      <marc:subfield code="z">Connect to this object online.</marc:subfield>
    </marc:datafield>
  </marc:record>