
  <marc:record>
    <marc:leader>04904 am a  005653u     </marc:leader>
    <marc:datafield tag="042" ind1=" " ind2=" ">
      <marc:subfield code="a">dc</marc:subfield>
    </marc:datafield>
    <marc:datafield tag="100" ind1="1" ind2="0">
      <marc:subfield code="a">Períes, Lucas</marc:subfield>
      <marc:subfield code="e">author</marc:subfield>
    </marc:datafield>
    <marc:datafield tag="245" ind1="0" ind2="0">
      <marc:subfield code="a">Estereotomía topológica : como instrumento innovativo en la configuración morfológica del paisaje urbano-arquitectónico</marc:subfield>
    </marc:datafield>
    <marc:datafield tag="246" ind1="3" ind2="3">
      <marc:subfield code="a">Topological stereotomy as an innovative instrument in the morphological configuration of urban architectonic landscape</marc:subfield>
    </marc:datafield>
    <marc:datafield tag="260" ind1=" " ind2=" ">
      <marc:subfield code="b">Universidad de Buenos Aires. Facultad de Arquitectura, Diseño y Urbanismo, </marc:subfield>
      <marc:subfield code="c">2015-09-17.</marc:subfield>
    </marc:datafield>
    <marc:datafield tag="500" ind1=" " ind2=" ">
      <marc:subfield code="a">2015</marc:subfield>
    </marc:datafield>
    <marc:datafield tag="500" ind1=" " ind2=" ">
      <marc:subfield code="a">http://repositoriouba.sisbi.uba.ar/gsdl/cgi-bin/library.cgi?a=d&amp;c=aaqtesis&amp;cl=CL1&amp;d=HWA_5071</marc:subfield>
    </marc:datafield>
    <marc:datafield tag="520" ind1=" " ind2=" ">
      <marc:subfield code="a">The following research integrates the concepts of topological geometry in the architectural design process. This refers to an emerging phenomenon from professional avant-garde production still lacking of systematized methodological tools. These are the basis for the development of a strategic instrument of formal production denominated topological stereotomy. Stereotomy is a way of morphological configuration that has been atavistically used by men. Topology is one of the newest branches of mathematics that deals with continuity and equivalence of shapes and systems, regardless of dimensions. The conjunction of both terms leads to a subcategory of traditional stereotomy that allows for a particular way of formal configuration. The topological principles applied to the design process cause the generation of continuous, intertwined and fluid spacialities where the ground archetype plays a major role in the production of topomorphic landscapes. The research provides a theoretical and procedural contribution on the topic: classification and relation of the existing knowledge, characterization of intervening design logic and the generation of specific conceptual and operational tools to be applied in design, teaching and or critic of the urban architectonic landscape.</marc:subfield>
    </marc:datafield>
    <marc:datafield tag="520" ind1=" " ind2=" ">
      <marc:subfield code="a">Fil: Períes, Lucas. Universidad de Buenos Aires. Facultad de Arquitectura, Diseño y Urbanismo. Buenos Aires, Argentina</marc:subfield>
    </marc:datafield>
    <marc:datafield tag="520" ind1=" " ind2=" ">
      <marc:subfield code="a">Esta investigación incorpora los conceptos de la geometría topológica en el proceso proyectual arquitectónico. Se trata de un fenómeno emergente de la producción profesional vanguardista, que carece aún de herramientas metodológicas sistematizadas. Con estos fundamentos se desarrolla un instrumento estratégico de producción formal, con la denominación estereotomía topológica. La estereotomía es una modalidad de configuración morfológica que el hombre emplea atávicamente. La topología es una de las ramas más nuevas de la matemática que trata las propiedades de continuidad y equivalencia de las formas y los sistemas, independientemente de las dimensiones. La conjunción de ambos términos deriva en una subcategoría de la estereotomía tradicional que habilita un modo particular de configuración formal. Los principios topológicos aplicados al proceso proyectual provocan la generación de espacialidades continuas, entrelazadas y fluidas, donde el arquetipo suelo es protagonista para la producción de paisajes topomórficos. El trabajo realiza un aporte teórico y procedimental sobre el tema de estudio: la clasificación y vinculación del conocimiento existente; la caracterización de las lógicas proyectuales intervinientes; la generación de herramientas conceptuales y operacionales específicas para su aplicación en el diseño, la enseñanza y/o la crítica del paisaje urbano-arquitectónico.</marc:subfield>
    </marc:datafield>
    <marc:datafield tag="520" ind1=" " ind2=" ">
      <marc:subfield code="a">Doctor de la Universidad de Buenos Aires, Área Arquitectura</marc:subfield>
    </marc:datafield>
    <marc:datafield tag="540" ind1=" " ind2=" ">
      <marc:subfield code="a">info:eu-repo/semantics/openAccess</marc:subfield>
    </marc:datafield>
    <marc:datafield tag="540" ind1=" " ind2=" ">
      <marc:subfield code="a">https://creativecommons.org/licenses/by-nc-nd/2.5/ar/</marc:subfield>
    </marc:datafield>
    <marc:datafield tag="546" ind1=" " ind2=" ">
      <marc:subfield code="a">spa</marc:subfield>
    </marc:datafield>
    <marc:datafield tag="690" ind1=" " ind2=" ">
      <marc:subfield code="a">Estereotomía</marc:subfield>
    </marc:datafield>
    <marc:datafield tag="690" ind1=" " ind2=" ">
      <marc:subfield code="a">Topología</marc:subfield>
    </marc:datafield>
    <marc:datafield tag="690" ind1=" " ind2=" ">
      <marc:subfield code="a">Morfología</marc:subfield>
    </marc:datafield>
    <marc:datafield tag="690" ind1=" " ind2=" ">
      <marc:subfield code="a">Composición</marc:subfield>
    </marc:datafield>
    <marc:datafield tag="690" ind1=" " ind2=" ">
      <marc:subfield code="a">Paisaje urbano</marc:subfield>
    </marc:datafield>
    <marc:datafield tag="690" ind1=" " ind2=" ">
      <marc:subfield code="a">Stereotomy</marc:subfield>
    </marc:datafield>
    <marc:datafield tag="690" ind1=" " ind2=" ">
      <marc:subfield code="a">Morphology</marc:subfield>
    </marc:datafield>
    <marc:datafield tag="690" ind1=" " ind2=" ">
      <marc:subfield code="a">Composition</marc:subfield>
    </marc:datafield>
    <marc:datafield tag="690" ind1=" " ind2=" ">
      <marc:subfield code="a">Townscape</marc:subfield>
    </marc:datafield>
    <marc:datafield tag="690" ind1=" " ind2=" ">
      <marc:subfield code="a">Topology</marc:subfield>
    </marc:datafield>
    <marc:datafield tag="690" ind1=" " ind2=" ">
      <marc:subfield code="a">Urbanismo</marc:subfield>
    </marc:datafield>
    <marc:datafield tag="690" ind1=" " ind2=" ">
      <marc:subfield code="a">Arquitectura</marc:subfield>
    </marc:datafield>
    <marc:datafield tag="690" ind1=" " ind2=" ">
      <marc:subfield code="a">Diseño</marc:subfield>
    </marc:datafield>
    <marc:datafield tag="690" ind1=" " ind2=" ">
      <marc:subfield code="a">Paisaje</marc:subfield>
    </marc:datafield>
    <marc:datafield tag="690" ind1=" " ind2=" ">
      <marc:subfield code="a">Estereotomia</marc:subfield>
    </marc:datafield>
    <marc:datafield tag="690" ind1=" " ind2=" ">
      <marc:subfield code="a">Investigación</marc:subfield>
    </marc:datafield>
    <marc:datafield tag="690" ind1=" " ind2=" ">
      <marc:subfield code="a">Conocimiento</marc:subfield>
    </marc:datafield>
    <marc:datafield tag="690" ind1=" " ind2=" ">
      <marc:subfield code="a">Enseñanza</marc:subfield>
    </marc:datafield>
    <marc:datafield tag="690" ind1=" " ind2=" ">
      <marc:subfield code="a">Urbanismo</marc:subfield>
    </marc:datafield>
    <marc:datafield tag="691" ind1=" " ind2=" ">
      <marc:subfield code="a">Argentina</marc:subfield>
    </marc:datafield>
    <marc:datafield tag="691" ind1=" " ind2=" ">
      <marc:subfield code="a">Buenos Aires, Ciudad</marc:subfield>
    </marc:datafield>
    <marc:datafield tag="691" ind1=" " ind2=" ">
      <marc:subfield code="a">Década de 2010</marc:subfield>
    </marc:datafield>
    <marc:datafield tag="655" ind1="7" ind2=" ">
      <marc:subfield code="a">info:eu-repo/semantics/doctoralThesis</marc:subfield>
      <marc:subfield code="2">local</marc:subfield>
    </marc:datafield>
    <marc:datafield tag="655" ind1="7" ind2=" ">
      <marc:subfield code="a">info:ar-repo/semantics/tesis doctoral</marc:subfield>
      <marc:subfield code="2">local</marc:subfield>
    </marc:datafield>
    <marc:datafield tag="655" ind1="7" ind2=" ">
      <marc:subfield code="a">info:eu-repo/semantics/acceptedVersion</marc:subfield>
      <marc:subfield code="2">local</marc:subfield>
    </marc:datafield>
    <marc:datafield tag="100" ind1="1" ind2="0">
      <marc:subfield code="a">Maestripieri, Eduardo</marc:subfield>
      <marc:subfield code="e">contributor</marc:subfield>
    </marc:datafield>
    <marc:datafield tag="100" ind1="1" ind2="0">
      <marc:subfield code="a">Moisset de Espanes, Inés</marc:subfield>
      <marc:subfield code="e">contributor</marc:subfield>
    </marc:datafield>
    <marc:datafield tag="100" ind1="1" ind2="0">
      <marc:subfield code="a">Ben Altabef, Clara</marc:subfield>
      <marc:subfield code="e">contributor</marc:subfield>
    </marc:datafield>
    <marc:datafield tag="100" ind1="1" ind2="0">
      <marc:subfield code="a">Bonifacio, Roberto</marc:subfield>
      <marc:subfield code="e">contributor</marc:subfield>
    </marc:datafield>
    <marc:datafield tag="100" ind1="1" ind2="0">
      <marc:subfield code="a">Ledesma, María del Valle</marc:subfield>
      <marc:subfield code="e">contributor</marc:subfield>
    </marc:datafield>
    <marc:datafield tag="856" ind1="4" ind2="1">
      <marc:subfield code="u">https://repositoriouba.sisbi.uba.ar/gsdl/collect/aaqtesis/index/assoc/HWA_5071.dir/5071.PDF</marc:subfield>
      <marc:subfield code="z">Connect to this object online.</marc:subfield>
    </marc:datafield>
  </marc:record>