
  <marc:record>
    <marc:leader>05082 am a  005053u     </marc:leader>
    <marc:datafield tag="042" ind1=" " ind2=" ">
      <marc:subfield code="a">dc</marc:subfield>
    </marc:datafield>
    <marc:datafield tag="100" ind1="1" ind2="0">
      <marc:subfield code="a">Zimmerman, Johanna Natalí</marc:subfield>
      <marc:subfield code="e">author</marc:subfield>
    </marc:datafield>
    <marc:datafield tag="245" ind1="0" ind2="0">
      <marc:subfield code="a">La jaula del estilo : historiografía, arquitectura y clasificación</marc:subfield>
    </marc:datafield>
    <marc:datafield tag="246" ind1="3" ind2="3">
      <marc:subfield code="a">The cage of styles : historiography, architecture and classification</marc:subfield>
    </marc:datafield>
    <marc:datafield tag="260" ind1=" " ind2=" ">
      <marc:subfield code="b">Universidad de Buenos Aires. Facultad de Arquitectura, Diseño y Urbanismo, </marc:subfield>
      <marc:subfield code="c">2021-03-25.</marc:subfield>
    </marc:datafield>
    <marc:datafield tag="500" ind1=" " ind2=" ">
      <marc:subfield code="a">http://repositoriouba.sisbi.uba.ar/gsdl/cgi-bin/library.cgi?a=d&amp;c=aaqtesis&amp;cl=CL1&amp;d=HWA_5429</marc:subfield>
    </marc:datafield>
    <marc:datafield tag="520" ind1=" " ind2=" ">
      <marc:subfield code="a">The historical thought is formed by a group of representations about what happened in the past. Naturally, there are multiple ways of ordering these representations. However, in architectural historiography in particular, classification through styles has played and plays a main role as an organizational method. Classifications are based on the principle that not everything is connected with everything. In other words, some entities are related and some others have no parameter in common between themselves. Hence, architectural historiography is ruled by a codification system that, as Foucault explains ([1966] 2011), relates and isolates, analyzes, adjusts and articulates certain contents.\nIn this way, styles are a codified way of not only describing, but also appreciating: they order, define and condition our way of approaching buildings. Therefore, this thesis aims to understand which are the consequences of the use of styles as classification in architecture and its history. \nThis research holds that a series of difficulties unleash as a result of the contradiction resulting from trying to determine what is naturally indefinite. The hypothesis that guides it is that there exists a permanent tension between architecture and its history's indeterminacy and the discipline's attempts to codify them through stylistic classification. This tension usually manifests itself in various ways, condensing in what we will call -with a practical purpose- "symptoms".</marc:subfield>
    </marc:datafield>
    <marc:datafield tag="520" ind1=" " ind2=" ">
      <marc:subfield code="a">Fil: Zimmerman, Johanna Natalí. Universidad de Buenos Aires. Facultad de Arquitectura, Diseño y Urbanismo. Buenos Aires, Argentina</marc:subfield>
    </marc:datafield>
    <marc:datafield tag="520" ind1=" " ind2=" ">
      <marc:subfield code="a">El pensamiento histórico está conformado por un conjunto de representaciones acerca de lo que sucedió en el pasado. Naturalmente, los modos de ordenar este conjunto de representaciones son múltiples. No obstante, en la historiografía de la arquitectura en particular, ha jugado y juega un rol preponderante la clasificación por estilos o categorías estilísticas como método organizativo. La clasificación se funda en el principio de que no todo se conecta con todo. Es decir, ciertas entidades están relacionadas entre sí, y ciertas otras entidades no tienen ningún parámetro en común. Siguiendo esta línea, la historiografía de la arquitectura está fuertemente gobernada por un sistema de codificación que, como explica Foucault ([1966] 2011), relaciona y aísla, analiza, ajusta y articula ciertos contenidos. \nDe esta manera, los estilos son una manera codificada no solo de describir, sino también de valorar: ordenan, definen, y condicionan nuestro modo de acercarnos a las obras. Así, esta tesis busca comprender cuáles son las consecuencias del uso de estilos como clasificación en la arquitectura y su historia. \nEsta investigación sostiene que, como resultado de la contradicción que se da al intentar determinar lo indeterminado, se desencadenan una serie de problemáticas. La hipótesis que la orienta es que existe una tensión permanente entre la indeterminación de la arquitectura y de su historia y los intentos disciplinares de codificarla mediante la clasificación por estilos. Esta tensión suele manifestarse de diversas maneras, condensándose en lo que denominaremos -con un fin práctico- "síntomas".</marc:subfield>
    </marc:datafield>
    <marc:datafield tag="520" ind1=" " ind2=" ">
      <marc:subfield code="a">Doctora de la Universidad de Buenos Aires, Área Arquitectura</marc:subfield>
    </marc:datafield>
    <marc:datafield tag="540" ind1=" " ind2=" ">
      <marc:subfield code="a">info:eu-repo/semantics/openAccess</marc:subfield>
    </marc:datafield>
    <marc:datafield tag="540" ind1=" " ind2=" ">
      <marc:subfield code="a">https://creativecommons.org/licenses/by-nc-nd/2.5/ar/</marc:subfield>
    </marc:datafield>
    <marc:datafield tag="546" ind1=" " ind2=" ">
      <marc:subfield code="a">spa</marc:subfield>
    </marc:datafield>
    <marc:datafield tag="690" ind1=" " ind2=" ">
      <marc:subfield code="a">Arquitectura</marc:subfield>
    </marc:datafield>
    <marc:datafield tag="690" ind1=" " ind2=" ">
      <marc:subfield code="a">Estilos</marc:subfield>
    </marc:datafield>
    <marc:datafield tag="690" ind1=" " ind2=" ">
      <marc:subfield code="a">Historiografía</marc:subfield>
    </marc:datafield>
    <marc:datafield tag="690" ind1=" " ind2=" ">
      <marc:subfield code="a">Clasificación</marc:subfield>
    </marc:datafield>
    <marc:datafield tag="690" ind1=" " ind2=" ">
      <marc:subfield code="a">Síntomas</marc:subfield>
    </marc:datafield>
    <marc:datafield tag="690" ind1=" " ind2=" ">
      <marc:subfield code="a">Architecture</marc:subfield>
    </marc:datafield>
    <marc:datafield tag="690" ind1=" " ind2=" ">
      <marc:subfield code="a">Styles</marc:subfield>
    </marc:datafield>
    <marc:datafield tag="690" ind1=" " ind2=" ">
      <marc:subfield code="a">Historiography</marc:subfield>
    </marc:datafield>
    <marc:datafield tag="690" ind1=" " ind2=" ">
      <marc:subfield code="a">Classification</marc:subfield>
    </marc:datafield>
    <marc:datafield tag="690" ind1=" " ind2=" ">
      <marc:subfield code="a">Symptoms</marc:subfield>
    </marc:datafield>
    <marc:datafield tag="690" ind1=" " ind2=" ">
      <marc:subfield code="a">Investigación</marc:subfield>
    </marc:datafield>
    <marc:datafield tag="690" ind1=" " ind2=" ">
      <marc:subfield code="a">Teoría</marc:subfield>
    </marc:datafield>
    <marc:datafield tag="690" ind1=" " ind2=" ">
      <marc:subfield code="a">Crítica</marc:subfield>
    </marc:datafield>
    <marc:datafield tag="690" ind1=" " ind2=" ">
      <marc:subfield code="a">Estilos arquitectónicos</marc:subfield>
    </marc:datafield>
    <marc:datafield tag="690" ind1=" " ind2=" ">
      <marc:subfield code="a">Metodologías</marc:subfield>
    </marc:datafield>
    <marc:datafield tag="690" ind1=" " ind2=" ">
      <marc:subfield code="a">Arquitectura</marc:subfield>
    </marc:datafield>
    <marc:datafield tag="691" ind1=" " ind2=" ">
      <marc:subfield code="a">Buenos Aires, ciudad</marc:subfield>
    </marc:datafield>
    <marc:datafield tag="691" ind1=" " ind2=" ">
      <marc:subfield code="a">Argentina</marc:subfield>
    </marc:datafield>
    <marc:datafield tag="691" ind1=" " ind2=" ">
      <marc:subfield code="a">Siglo XX</marc:subfield>
    </marc:datafield>
    <marc:datafield tag="655" ind1="7" ind2=" ">
      <marc:subfield code="a">info:eu-repo/semantics/doctoralThesis</marc:subfield>
      <marc:subfield code="2">local</marc:subfield>
    </marc:datafield>
    <marc:datafield tag="655" ind1="7" ind2=" ">
      <marc:subfield code="a">info:ar-repo/semantics/tesis doctoral</marc:subfield>
      <marc:subfield code="2">local</marc:subfield>
    </marc:datafield>
    <marc:datafield tag="655" ind1="7" ind2=" ">
      <marc:subfield code="a">info:eu-repo/semantics/acceptedVersion</marc:subfield>
      <marc:subfield code="2">local</marc:subfield>
    </marc:datafield>
    <marc:datafield tag="100" ind1="1" ind2="0">
      <marc:subfield code="a">Sabugo, Mario</marc:subfield>
      <marc:subfield code="e">contributor</marc:subfield>
    </marc:datafield>
    <marc:datafield tag="100" ind1="1" ind2="0">
      <marc:subfield code="a">Silvestri, Graciela</marc:subfield>
      <marc:subfield code="e">contributor</marc:subfield>
    </marc:datafield>
    <marc:datafield tag="100" ind1="1" ind2="0">
      <marc:subfield code="a">Martínez Nespral, Fernando</marc:subfield>
      <marc:subfield code="e">contributor</marc:subfield>
    </marc:datafield>
    <marc:datafield tag="100" ind1="1" ind2="0">
      <marc:subfield code="a">Parera, Cecilia</marc:subfield>
      <marc:subfield code="e">contributor</marc:subfield>
    </marc:datafield>
    <marc:datafield tag="856" ind1="4" ind2="1">
      <marc:subfield code="u">https://repositoriouba.sisbi.uba.ar/gsdl/collect/aaqtesis/index/assoc/HWA_5429.dir/5429.PDF</marc:subfield>
      <marc:subfield code="z">Connect to this object online.</marc:subfield>
    </marc:datafield>
  </marc:record>