
  <marc:record>
    <marc:leader>07928 am a  005773u     </marc:leader>
    <marc:datafield tag="042" ind1=" " ind2=" ">
      <marc:subfield code="a">dc</marc:subfield>
    </marc:datafield>
    <marc:datafield tag="100" ind1="1" ind2="0">
      <marc:subfield code="a">Dal Castello, David</marc:subfield>
      <marc:subfield code="e">author</marc:subfield>
    </marc:datafield>
    <marc:datafield tag="245" ind1="0" ind2="0">
      <marc:subfield code="a">Muerte en el parque : cementerios de Buenos Aires (1935-1965)</marc:subfield>
    </marc:datafield>
    <marc:datafield tag="246" ind1="3" ind2="3">
      <marc:subfield code="a">Death in the park : cemeteries of Buenos Aires (1935-1965)</marc:subfield>
    </marc:datafield>
    <marc:datafield tag="260" ind1=" " ind2=" ">
      <marc:subfield code="b">Universidad de Buenos Aires. Facultad de Arquitectura, Diseño y Urbanismo, </marc:subfield>
      <marc:subfield code="c">2022-08-11.</marc:subfield>
    </marc:datafield>
    <marc:datafield tag="500" ind1=" " ind2=" ">
      <marc:subfield code="a">1935-1965</marc:subfield>
    </marc:datafield>
    <marc:datafield tag="500" ind1=" " ind2=" ">
      <marc:subfield code="a">http://repositoriouba.sisbi.uba.ar/gsdl/cgi-bin/library.cgi?a=d&amp;c=aaqtesis&amp;cl=CL1&amp;d=HWA_6886</marc:subfield>
    </marc:datafield>
    <marc:datafield tag="520" ind1=" " ind2=" ">
      <marc:subfield code="a">In order to transform Chacarita, Recoleta and Flores cemeteries, the Municipality of the City of Buenos Aires commissioned new projects to its technical offices in 1935. Between 1935 and 1965, several projects were presented and, despite their differences, they all shared the same common aspiration to form ?park cemeteries?. The object of study of this thesis are the Public Park Cemetery projects. We believe that this study will contribute to the knowledge of the official death and urban cemeteries representations, made by municipal professionals and technicians. This tesis will also contribute to the expansion of the historical record of urban modernization processes, since those projects have acquired little relevance and visibility in disciplinary historiography.\nBased on these observations, we hypothesize that the Public Park Cemetery was a significant piece of the Buenos Aires modernizing project: through the figure of the park it was sought to transform and reconcile the cemeteries with the City, to supply the greater demand for graves, to purify and attenuate the instituted aesthetics of death, and broadening the field of action of modern architectures on funeral programs. This was an important challenge given that the dominant imaginary of eternity and stability in those pre-existing cemeteries, and in Buenos Aires society in general, opposed and disbelieved the aesthetic capacities, scientist-based methods and techniques promoted by public management and architectural modernity to represent death.\nThat is why we propose to discuss the Public Park Cemetery project as a representative program of the modern city in Buenos Aires, the incorporation and ways of linking new actors and knowledge to state bureaucracies and the historical processes of collective production of the city and architecture. Starting from its critical treatment, we will seek to formulate an idea of "funerary space" as a theoretical-methodological category that would allow to stablish a dialogue between the projectual and funerary fields.\nAs public works and goods, the Public Park Cemeteries differed in many respects from the private park cemeteries created since the 1980s in the outskirts of Buenos Aires. The Public Park Cemeteries emerged decades before, as a practical solution to the lack of physical space in cemeteries and to a certain moral and aesthetic need to transform the urban image of death. These processes occurred in the interaction and exchange between multiple actors, that is to say, it was a collective work of a specific political and technical culture. So, why transforming existing cemeteries? How? And what ideas of death, city and architecture did these transformations imply? will be the central questions that organize the narrative of this thesis.</marc:subfield>
    </marc:datafield>
    <marc:datafield tag="520" ind1=" " ind2=" ">
      <marc:subfield code="a">Fil: Dal Castello, David. Universidad de Buenos Aires. Facultad de Arquitectura, Diseño y Urbanismo. Buenos Aires, Argentina</marc:subfield>
    </marc:datafield>
    <marc:datafield tag="520" ind1=" " ind2=" ">
      <marc:subfield code="a">Con el propósito de transformar los cementerios de Chacarita, Recoleta y Flores, la Municipalidad de la Ciudad de Buenos Aires encargó nuevos proyectos a sus oficinas técnicas en 1935. Entre los años 1935 y 1965 se presentaron propuestas que, a pesar sus diferencias, compartían la aspiración común de formar ?cementerios parque?. El objeto de estudio de esta tesis son los proyectos de Cementerio Parque Público (CPP). Consideramos que su estudio contribuirá al conocimiento de las representaciones oficiales de la muerte y de los cementerios \nurbanos que hicieron los profesionales y técnicos municipales, y también a la ampliación del registro histórico de los procesos de modernización urbana, dado que aquellos proyectos han adquirido escasa relevancia y visibilidad en la historiografía disciplinar.\nA partir de estas observaciones, postulamos como hipótesis que el Cementerio Parque Público fue una pieza significativa del proyecto modernizador porteño: mediante la figura del parque se buscaba transformar y reconciliar los cementerios con la Ciudad, suplir la mayor demanda de sepulturas, depurar y atenuar las estéticas instituidas de la muerte, y ampliar el campo de actuación de las arquitecturas modernas sobre los programas funerarios. Se trataba de un importante desafío dado que los imaginarios de eternidad y estabilidad dominantes en aquellos cementerios preexistentes, y en la sociedad porteña en general, se oponían y descreían de las capacidades estéticas, los métodos y técnicas de base cientificista impulsadas desde la gestión pública y la modernidad arquitectónica para representar a la muerte.\nEs por ello que proponemos discutir el proyecto de CPP como programa representativo de ciudad moderna en Buenos Aires, la incorporación y formas de vinculación de nuevos actores y saberes a las burocracias estatales y los procesos históricos de producción colectiva de la ciudad y la arquitectura. A partir de su tratamiento crítico buscaremos formular una idea de ?espacio funerario? como categoría teórico-metodológica que permita establecer un diálogo entre los campos proyectual y funerario.\nComo obras y bienes públicos, los CPP diferían en muchos aspectos de los cementerios parque privados creados a partir de la década de 1980 fuera de la Ciudad de Buenos Aires. Los primeros emergieron décadas antes, como solución práctica a la falta de espacio físico en los cementerios y a cierta necesidad moral y estética de transformar la imagen urbana de la muerte. Estos procesos se dieron en la interacción e intercambio entre múltiples actores, es decir que fue una labor colectiva de una cultura política y técnica determinada. Entonces, \n¿Por qué transformar los cementerios existentes?, ¿cómo? y ¿qué ideas de muerte, ciudad y \narquitectura implicaban estas transformaciones? serán los interrogantes centrales que organizan las tres partes de esta tesis.</marc:subfield>
    </marc:datafield>
    <marc:datafield tag="520" ind1=" " ind2=" ">
      <marc:subfield code="a">Doctor de la Universidad de Buenos Aires, Área Arquitectura</marc:subfield>
    </marc:datafield>
    <marc:datafield tag="540" ind1=" " ind2=" ">
      <marc:subfield code="a">info:eu-repo/semantics/openAccess</marc:subfield>
    </marc:datafield>
    <marc:datafield tag="540" ind1=" " ind2=" ">
      <marc:subfield code="a">https://creativecommons.org/licenses/by-nc-nd/2.5/ar/</marc:subfield>
    </marc:datafield>
    <marc:datafield tag="546" ind1=" " ind2=" ">
      <marc:subfield code="a">spa</marc:subfield>
    </marc:datafield>
    <marc:datafield tag="690" ind1=" " ind2=" ">
      <marc:subfield code="a">Historia urbana de Buenos Aires</marc:subfield>
    </marc:datafield>
    <marc:datafield tag="690" ind1=" " ind2=" ">
      <marc:subfield code="a">Historia de la arquitectura</marc:subfield>
    </marc:datafield>
    <marc:datafield tag="690" ind1=" " ind2=" ">
      <marc:subfield code="a">Proyecto moderno</marc:subfield>
    </marc:datafield>
    <marc:datafield tag="690" ind1=" " ind2=" ">
      <marc:subfield code="a">Cementerio parque público</marc:subfield>
    </marc:datafield>
    <marc:datafield tag="690" ind1=" " ind2=" ">
      <marc:subfield code="a">Burocracias municipales</marc:subfield>
    </marc:datafield>
    <marc:datafield tag="690" ind1=" " ind2=" ">
      <marc:subfield code="a">Buenos Aires urban history</marc:subfield>
    </marc:datafield>
    <marc:datafield tag="690" ind1=" " ind2=" ">
      <marc:subfield code="a">Architectural history</marc:subfield>
    </marc:datafield>
    <marc:datafield tag="690" ind1=" " ind2=" ">
      <marc:subfield code="a">Modern project</marc:subfield>
    </marc:datafield>
    <marc:datafield tag="690" ind1=" " ind2=" ">
      <marc:subfield code="a">Public park cemetery</marc:subfield>
    </marc:datafield>
    <marc:datafield tag="690" ind1=" " ind2=" ">
      <marc:subfield code="a">Municipal bureaucracy</marc:subfield>
    </marc:datafield>
    <marc:datafield tag="690" ind1=" " ind2=" ">
      <marc:subfield code="a">Urbanismo</marc:subfield>
    </marc:datafield>
    <marc:datafield tag="690" ind1=" " ind2=" ">
      <marc:subfield code="a">Planificación</marc:subfield>
    </marc:datafield>
    <marc:datafield tag="690" ind1=" " ind2=" ">
      <marc:subfield code="a">Ciudades</marc:subfield>
    </marc:datafield>
    <marc:datafield tag="690" ind1=" " ind2=" ">
      <marc:subfield code="a">Cementerios</marc:subfield>
    </marc:datafield>
    <marc:datafield tag="690" ind1=" " ind2=" ">
      <marc:subfield code="a">Cementerios parque</marc:subfield>
    </marc:datafield>
    <marc:datafield tag="690" ind1=" " ind2=" ">
      <marc:subfield code="a">Historia</marc:subfield>
    </marc:datafield>
    <marc:datafield tag="690" ind1=" " ind2=" ">
      <marc:subfield code="a">Arquitectura funeraria</marc:subfield>
    </marc:datafield>
    <marc:datafield tag="690" ind1=" " ind2=" ">
      <marc:subfield code="a">Diseño</marc:subfield>
    </marc:datafield>
    <marc:datafield tag="690" ind1=" " ind2=" ">
      <marc:subfield code="a">Arquitectura</marc:subfield>
    </marc:datafield>
    <marc:datafield tag="691" ind1=" " ind2=" ">
      <marc:subfield code="a">Buenos Aires, Ciudad</marc:subfield>
    </marc:datafield>
    <marc:datafield tag="691" ind1=" " ind2=" ">
      <marc:subfield code="a">Argentina</marc:subfield>
    </marc:datafield>
    <marc:datafield tag="691" ind1=" " ind2=" ">
      <marc:subfield code="a">Chacarita</marc:subfield>
    </marc:datafield>
    <marc:datafield tag="691" ind1=" " ind2=" ">
      <marc:subfield code="a">Recoleta</marc:subfield>
    </marc:datafield>
    <marc:datafield tag="691" ind1=" " ind2=" ">
      <marc:subfield code="a">Flores</marc:subfield>
    </marc:datafield>
    <marc:datafield tag="655" ind1="7" ind2=" ">
      <marc:subfield code="a">info:eu-repo/semantics/doctoralThesis</marc:subfield>
      <marc:subfield code="2">local</marc:subfield>
    </marc:datafield>
    <marc:datafield tag="655" ind1="7" ind2=" ">
      <marc:subfield code="a">info:ar-repo/semantics/tesis doctoral</marc:subfield>
      <marc:subfield code="2">local</marc:subfield>
    </marc:datafield>
    <marc:datafield tag="655" ind1="7" ind2=" ">
      <marc:subfield code="a">info:eu-repo/semantics/acceptedVersion</marc:subfield>
      <marc:subfield code="2">local</marc:subfield>
    </marc:datafield>
    <marc:datafield tag="100" ind1="1" ind2="0">
      <marc:subfield code="a">Caride Bartrons, Horacio</marc:subfield>
      <marc:subfield code="e">contributor</marc:subfield>
    </marc:datafield>
    <marc:datafield tag="100" ind1="1" ind2="0">
      <marc:subfield code="a">Aliata, Fernando</marc:subfield>
      <marc:subfield code="e">contributor</marc:subfield>
    </marc:datafield>
    <marc:datafield tag="100" ind1="1" ind2="0">
      <marc:subfield code="a">Bonicatto, Virginia</marc:subfield>
      <marc:subfield code="e">contributor</marc:subfield>
    </marc:datafield>
    <marc:datafield tag="100" ind1="1" ind2="0">
      <marc:subfield code="a">Devalle, Verónica</marc:subfield>
      <marc:subfield code="e">contributor</marc:subfield>
    </marc:datafield>
    <marc:datafield tag="856" ind1="4" ind2="1">
      <marc:subfield code="u">https://repositoriouba.sisbi.uba.ar/gsdl/collect/aaqtesis/index/assoc/HWA_6886.dir/6886.PDF</marc:subfield>
      <marc:subfield code="z">Connect to this object online.</marc:subfield>
    </marc:datafield>
  </marc:record>