
  <marc:record>
    <marc:leader>09050 am a  006613u     </marc:leader>
    <marc:datafield tag="042" ind1=" " ind2=" ">
      <marc:subfield code="a">dc</marc:subfield>
    </marc:datafield>
    <marc:datafield tag="100" ind1="1" ind2="0">
      <marc:subfield code="a">Schweitzer, Mariana</marc:subfield>
      <marc:subfield code="e">author</marc:subfield>
    </marc:datafield>
    <marc:datafield tag="245" ind1="0" ind2="0">
      <marc:subfield code="a">Transporte y producción del territorio en el litoral portuario del sur de la Provincia de Santa Fe : estrategias globales y locales en tensión</marc:subfield>
    </marc:datafield>
    <marc:datafield tag="246" ind1="3" ind2="3">
      <marc:subfield code="a">Transport and Production of the Territory in the Litoral Port of the South the Province of Santa Fe : tension between global strategies and local transformations</marc:subfield>
    </marc:datafield>
    <marc:datafield tag="260" ind1=" " ind2=" ">
      <marc:subfield code="b">Universidad de Buenos Aires. Facultad de Arquitectura, Diseño y Urbanismo, </marc:subfield>
      <marc:subfield code="c">2016-11-15.</marc:subfield>
    </marc:datafield>
    <marc:datafield tag="500" ind1=" " ind2=" ">
      <marc:subfield code="a">http://repositoriouba.sisbi.uba.ar/gsdl/cgi-bin/library.cgi?a=d&amp;c=aaqtesis&amp;cl=CL1&amp;d=HWA_5728</marc:subfield>
    </marc:datafield>
    <marc:datafield tag="520" ind1=" " ind2=" ">
      <marc:subfield code="a">The Paraná River was a relevant factor in the location of the population and the development of its activities, but it was also an obstacle in communications and a means of penetration in times of the conquest. In the last decades it began to be seen as a transportation corridor for the acceleration of the extraction of resources for the global economy. Thus, on the waterway, port activities were reconfigured with the establishment of large terminals where multiple functions are performed, from storage through processing to export. These terminals make up an outstanding soybean processing cluster in the north of the Rosario Metropolitan Area, in Puerto General San Martín and in San Lorenzo. Togheter with the waterway, the new port activities and the change in their scale, territorial transformations have been generated both at the regional level and in the local áreas, crossed by the new dynamics that this project prints, in a space that appears as a scenario of socio-territorial conflicts derived from the dynamics of the capitalist system. This is manifested in a context of asymmetric relationships and unequal development, where conflicts are the result of the actions of actors operating with diverse interests and capacities to print their demands. For this reason, this research set out to analyze the emergence and the management of transport corridor projects that account for the production of the territory on a global, national and local scale. To this end, processes, places and actors were questioned, and strategies and interests related to very different scales behind the transformation of the territory were examined.\nThe manifestations of global processes in the local territories linked to the Paraná-Paraguay waterway axis (in Puerto General San Marín and in San Lorenzo) were analyzed. For this purpose, the analysis of the transformations of the global economy at the local was investigated: at the political level (which actions are carried out, which actors participate), at the economic level (global flows on the local level, overlaping with local flows) at the spatial material level (territorial deployment) and at the social, demographic and housing level. The work is divided into five parts. In the first one, the problem that motivated the work is presented, then the relation of Transport in the production of the territory is analyzed. Subsequently, the image of the territory thought in relation to global dynamics and plans for the territories, is recovered. The fourth part analyzes the territory produced (or being produced) in both cases. Finally, it is reflected on the manifestations of these global processes in the organization of the territory, in the local economy, in management and in the environment. Phenomena of different scales converge in the analyzed territory. The port cities analyzed are structured as anchorage places for globalized flows. They constitute a fraction of globality, a synthesis of interrelations, of complementary and contradictory processes between the global and the local, which come into play in the production of the territory.</marc:subfield>
    </marc:datafield>
    <marc:datafield tag="520" ind1=" " ind2=" ">
      <marc:subfield code="a">Fil: Schweitzer, Mariana. Universidad de Buenos Aires. Facultad de Arquitectura, Diseño y Urbanismo, Buenos Aires, Argentina</marc:subfield>
    </marc:datafield>
    <marc:datafield tag="520" ind1=" " ind2=" ">
      <marc:subfield code="a">El río Paraná fue un factor de relevancia en la localización de la población y el desarrollo de sus actividades, pero también fue un obstáculo en las comunicaciones y una vía de penetración en tiempos de la conquista. En las últimas décadas comenzó a ser visto como corredor de transporte para la aceleración de la extracción de recursos para la economía global. Así, en la vía fluvial, se reconfiguraron las actividades portuarias con el establecimiento de grandes terminales donde se realizan múltiples funciones, desde el almacenamiento pasando por el procesamiento hasta la exportación. Estas terminales conforman un destacado clúster de procesamiento de soja en el norte del Área Metropolitana de Rosario, en Puerto General San Martín y en San Lorenzo. Junto a la hidrovía, a las nuevas actividades portuarias y el cambio en su escala, se han generado transformaciones territoriales tanto a nivel regional como en los ámbitos locales atravesados por las nuevas dinámicas que imprime este proyecto, en un espacio que aparece como escenario de conflictos socio-territoriales derivados de la dinámica propia del sistema capitalista. Esto se manifiesta en un contexto de relaciones asimétricas y de desarrollo desigual, donde los conflictos son producto del accionar de actores que operan con diversos intereses y capacidades para imprimir sus demandas. Por ello esta investigación se propuso analizar la emergencia y la gestión de los proyectos de corredores de transporte que dan cuenta de la producción del territorio a escala global, nacional y local. Para ello se interpelaron procesos, lugares y actores, se examinaron estrategias e intereses que relacionados a muy diferentes escalas están por detrás de la transformación del territorio.\nSe analizaron las manifestaciones de los procesos globales en los territorios locales vinculados al eje Hidrovía Paraná-Paraguay, en Puerto General San Martín y en San Lorenzo). Para ello se indagó en el análisis de las transformaciones de la economía global en lo local: en lo político (qué acciones se concretan, qué actores participan), en lo económico (los flujos globales sobre lo local, la superposición con flujos locales) en el aspecto material espacial (el despliegue territorial) y en las cuestiones sociales, demográficas y habitacionales. El trabajo se integra en cinco partes. En la primera de ellas se presenta el problema que motivó el trabajo, luego se analiza la relación del Transporte en la producción del territorio. Posteriormente se recupera la imagen de territorio pensado en relación a las dinámicas globales, los planes para los territorios. En la cuarta parte se analiza el territorio producido (o siendo producido) en los dos casos. Finalmente se reflexiona sobre las manifestaciones de estos procesos globales en la organización del territorio, en la economía local, en la gestión y en el ambiente. Fenómenos de distintas escalas confluyen en el territorio analizado. Las ciudades portuarias que se analizaron se estructuran como lugar de anclaje de los flujos globalizados. Constituyen una fracción de la globalidad, una síntesis de interrelaciones, de procesos complementarios y contradictorios entre lo global y lo local, que entran en juego en la producción del territorio.</marc:subfield>
    </marc:datafield>
    <marc:datafield tag="520" ind1=" " ind2=" ">
      <marc:subfield code="a">Doctora de la Universidad de Buenos Aires, Área Urbanismo</marc:subfield>
    </marc:datafield>
    <marc:datafield tag="540" ind1=" " ind2=" ">
      <marc:subfield code="a">info:eu-repo/semantics/openAccess</marc:subfield>
    </marc:datafield>
    <marc:datafield tag="540" ind1=" " ind2=" ">
      <marc:subfield code="a">https://creativecommons.org/licenses/by-nc-nd/2.5/ar/</marc:subfield>
    </marc:datafield>
    <marc:datafield tag="546" ind1=" " ind2=" ">
      <marc:subfield code="a">spa</marc:subfield>
    </marc:datafield>
    <marc:datafield tag="690" ind1=" " ind2=" ">
      <marc:subfield code="a">Globalización</marc:subfield>
    </marc:datafield>
    <marc:datafield tag="690" ind1=" " ind2=" ">
      <marc:subfield code="a">Hidrovía Paraná Paraguay</marc:subfield>
    </marc:datafield>
    <marc:datafield tag="690" ind1=" " ind2=" ">
      <marc:subfield code="a">Territoriales</marc:subfield>
    </marc:datafield>
    <marc:datafield tag="690" ind1=" " ind2=" ">
      <marc:subfield code="a">Ciudades portuarias</marc:subfield>
    </marc:datafield>
    <marc:datafield tag="690" ind1=" " ind2=" ">
      <marc:subfield code="a">Planificación y gestión del territorio</marc:subfield>
    </marc:datafield>
    <marc:datafield tag="690" ind1=" " ind2=" ">
      <marc:subfield code="a">Globalization</marc:subfield>
    </marc:datafield>
    <marc:datafield tag="690" ind1=" " ind2=" ">
      <marc:subfield code="a">Paraná-Paraguay waterway</marc:subfield>
    </marc:datafield>
    <marc:datafield tag="690" ind1=" " ind2=" ">
      <marc:subfield code="a">Territorial transformations</marc:subfield>
    </marc:datafield>
    <marc:datafield tag="690" ind1=" " ind2=" ">
      <marc:subfield code="a">Port cities</marc:subfield>
    </marc:datafield>
    <marc:datafield tag="690" ind1=" " ind2=" ">
      <marc:subfield code="a">Territorial planning and management</marc:subfield>
    </marc:datafield>
    <marc:datafield tag="690" ind1=" " ind2=" ">
      <marc:subfield code="a">Investigación</marc:subfield>
    </marc:datafield>
    <marc:datafield tag="690" ind1=" " ind2=" ">
      <marc:subfield code="a">Teoría</marc:subfield>
    </marc:datafield>
    <marc:datafield tag="690" ind1=" " ind2=" ">
      <marc:subfield code="a">Planificación territorial</marc:subfield>
    </marc:datafield>
    <marc:datafield tag="690" ind1=" " ind2=" ">
      <marc:subfield code="a">Planificación regional</marc:subfield>
    </marc:datafield>
    <marc:datafield tag="690" ind1=" " ind2=" ">
      <marc:subfield code="a">Uso del suelo</marc:subfield>
    </marc:datafield>
    <marc:datafield tag="690" ind1=" " ind2=" ">
      <marc:subfield code="a">Gestión</marc:subfield>
    </marc:datafield>
    <marc:datafield tag="690" ind1=" " ind2=" ">
      <marc:subfield code="a">Estrategias</marc:subfield>
    </marc:datafield>
    <marc:datafield tag="690" ind1=" " ind2=" ">
      <marc:subfield code="a">Economía</marc:subfield>
    </marc:datafield>
    <marc:datafield tag="690" ind1=" " ind2=" ">
      <marc:subfield code="a">Producción</marc:subfield>
    </marc:datafield>
    <marc:datafield tag="690" ind1=" " ind2=" ">
      <marc:subfield code="a">Agroindustria</marc:subfield>
    </marc:datafield>
    <marc:datafield tag="690" ind1=" " ind2=" ">
      <marc:subfield code="a">Geografía</marc:subfield>
    </marc:datafield>
    <marc:datafield tag="690" ind1=" " ind2=" ">
      <marc:subfield code="a">Áreas portuarias</marc:subfield>
    </marc:datafield>
    <marc:datafield tag="690" ind1=" " ind2=" ">
      <marc:subfield code="a">Ciudades costeras</marc:subfield>
    </marc:datafield>
    <marc:datafield tag="690" ind1=" " ind2=" ">
      <marc:subfield code="a">Puertos</marc:subfield>
    </marc:datafield>
    <marc:datafield tag="690" ind1=" " ind2=" ">
      <marc:subfield code="a">Infraestructura portuaria</marc:subfield>
    </marc:datafield>
    <marc:datafield tag="690" ind1=" " ind2=" ">
      <marc:subfield code="a">Transporte fluvial</marc:subfield>
    </marc:datafield>
    <marc:datafield tag="690" ind1=" " ind2=" ">
      <marc:subfield code="a">Urbanismo</marc:subfield>
    </marc:datafield>
    <marc:datafield tag="691" ind1=" " ind2=" ">
      <marc:subfield code="a">Santa Fé</marc:subfield>
    </marc:datafield>
    <marc:datafield tag="691" ind1=" " ind2=" ">
      <marc:subfield code="a">Rosario</marc:subfield>
    </marc:datafield>
    <marc:datafield tag="691" ind1=" " ind2=" ">
      <marc:subfield code="a">Argentina</marc:subfield>
    </marc:datafield>
    <marc:datafield tag="691" ind1=" " ind2=" ">
      <marc:subfield code="a">Río Paraná</marc:subfield>
    </marc:datafield>
    <marc:datafield tag="655" ind1="7" ind2=" ">
      <marc:subfield code="a">info:eu-repo/semantics/doctoralThesis</marc:subfield>
      <marc:subfield code="2">local</marc:subfield>
    </marc:datafield>
    <marc:datafield tag="655" ind1="7" ind2=" ">
      <marc:subfield code="a">info:ar-repo/semantics/tesis doctoral</marc:subfield>
      <marc:subfield code="2">local</marc:subfield>
    </marc:datafield>
    <marc:datafield tag="655" ind1="7" ind2=" ">
      <marc:subfield code="a">info:eu-repo/semantics/acceptedVersion</marc:subfield>
      <marc:subfield code="2">local</marc:subfield>
    </marc:datafield>
    <marc:datafield tag="100" ind1="1" ind2="0">
      <marc:subfield code="a">Gutiérrez, Andrea</marc:subfield>
      <marc:subfield code="e">contributor</marc:subfield>
    </marc:datafield>
    <marc:datafield tag="100" ind1="1" ind2="0">
      <marc:subfield code="a">Kullock, David</marc:subfield>
      <marc:subfield code="e">contributor</marc:subfield>
    </marc:datafield>
    <marc:datafield tag="100" ind1="1" ind2="0">
      <marc:subfield code="a">Laurelli, Elsa</marc:subfield>
      <marc:subfield code="e">contributor</marc:subfield>
    </marc:datafield>
    <marc:datafield tag="100" ind1="1" ind2="0">
      <marc:subfield code="a">Murillo, Fernando</marc:subfield>
      <marc:subfield code="e">contributor</marc:subfield>
    </marc:datafield>
    <marc:datafield tag="100" ind1="1" ind2="0">
      <marc:subfield code="a">Dadon, José Roberto</marc:subfield>
      <marc:subfield code="e">contributor</marc:subfield>
    </marc:datafield>
    <marc:datafield tag="856" ind1="4" ind2="1">
      <marc:subfield code="u">https://repositoriouba.sisbi.uba.ar/gsdl/collect/aaqtesis/index/assoc/HWA_5728.dir/5728.PDF</marc:subfield>
      <marc:subfield code="z">Connect to this object online.</marc:subfield>
    </marc:datafield>
  </marc:record>